2866 4766
387 365 420 456 §.
440 363 501 441 45.
549 365 607 436 De
625 359 741 436 variis
761 359 963 456 particulis.
1148 356 1224 438 383

209 567 304 636 lnter
324 566 503 657 composita
533 565 614 631 ὅκκα
640 563 726 629 male
755 585 774 628 a
801 563 1022 652 grammaticis
1036 569 1066 646 ⁴¹)
1094 591 1134 633 ex
1165 567 1225 633 ὅκα

122 669 291 760 geminata
312 691 456 737 consona
479 679 585 734 ortum
606 665 798 756 putabatur,
821 689 882 732 nec
895 668 1013 734 melios
1025 669 1225 736 recentiores

3 849 4 858 χ
123 771 260 863 quidam
283 773 367 840 illud
390 781 476 837 certe
500 769 597 848 ὅκκα,
623 767 712 858 quod
735 767 883 834 ultimam
904 770 1059 860 corripit,
1083 795 1143 860 pro
1166 771 1226 836 ὅκα

122 899 200 942 case
222 875 470 956 existimarunt3
492 895 566 937 nam
590 894 607 934 κ
630 871 665 936 in
688 893 725 936 ea
746 891 827 937 voce
848 895 914 936 non
937 871 1042 960 magis
1065 873 1227 962 geminari

3 1021 5 1036 ι
123 989 236 1070 potest
257 998 355 1066 quam
378 977 413 1040 in
435 974 538 1053 αὸκα,
568 973 664 1059 κὸκα,
699 973 814 1040 (iliona
844 985 877 1038 et
904 973 983 1037 ὅκκα
1004 997 1064 1062 pro
1087 975 1149 1040 ὅκα
1171 1002 1224 1051 κα,

126 1082 202 1148 ὅταν
234 1101 307 1146 esse
336 1079 407 1168 ipsa
436 1076 638 1143 constructio
669 1087 765 1165 atquc
795 1075 956 1142 sententia
985 1077 1109 1166 ubique
1132 1079 1227 1144 docet

3 1245 5 1278 5
126 1183 197 1252 vid.
222 1183 345 1252 Buttm.
376 1180 409 1245 11
437 1203 470 1268 p.
495 1179 569 1246 370.
616 1179 719 1246 Recte
741 1179 800 1244 ὅκα
823 1188 855 1244 et
877 1178 957 1244 ὅκκα
980 1178 1227 1267 distinguuntur

3 1353 4 1378 q
127 1278 165 1354 iu
188 1283 311 1376 glossis
333 1281 573 1371 Hesychianisr
609 1279 663 1346 ὅκκ’
691 1277 730 1371 ᾖ,
766 1276 861 1370 irari
890 1279 1032 1348 et‘i'xaa
1057 1283 1144 1358 σὸζεκ
1166 1278 1226 1366 (1),

128 1389 204 1455 ὅταν
224 1387 311 1475 τύχῃ.
357 1383 431 1450 Jarn
453 1407 550 1467 vero,
574 1393 611 1449 ut
631 1385 667 1448 in
691 1385 772 1449 ὅκκα
794 1381 971 1473 particulae
994 1384 1029 1449 in
1051 1407 1148 1450 unam
1172 1407 1226 1451 vo·

3 1557 5 1588 ,
128 1513 200 1558 cem
222 1489 435 1571 coaluerunt,
470 1487 515 1552 ita
535 1486 658 1552 rectius
681 1488 756 1550 αἴκα
778 1509 875 1575 quarn
899 1487 993 1550 αἴκα
1016 1487 1118 1552 scribi
1138 1488 1227 1552 vide·

3 1591 5 1686 L
128 1605 200 1676 tur,
223 1591 382 1658 suadente
403 1599 568 1680 praeterea
590 1587 806 1655 collocatione
827 1588 1060 1676 particularum
1082 1589 1224 1654 Theoer.

128 1695 166 1778 l,
190 1693 209 1760 5
240 1693 314 1756 αἴκα
343 1689 373 1754 δ’
397 1691 469 1776 αἶγα
498 1691 577 1780 λάβῃ
609 1691 669 1772 (ci.
701 1690 781 1755 ὅκκα
811 1689 844 1752 δ’
872 1690 983 1777 ἐντύχω
1012 1691 1133 1780 Epich.
1158 1693 1224 1772 19).

126 1799 246 1885 ltaque
274 1793 451 1883 ancipitem
480 1786 660 1858 editionum
686 1817 782 1859 usum
811 1793 852 1858 ad
880 1817 951 1859 eam
981 1817 1127 1859 normam
1150 1817 1227 1861 con·

128 1898 307 1966 stituimus.
353 1895 555 1986 Plerumque
576 1906 684 1962 tamen
707 1895 898 1981 conjunctio
921 1898 957 1960 δέ
975 1905 1049 1961 ante
1071 1921 1113 1960 κα
1134 1900 1227 1987 poni·

3 1979 4 2008 ³
128 2013 201 2078 aar,
232 2011 268 2065 n
289 2001 324 2062 n
343 2000 380 2063 α
396 2025 438 2063 κ.
459 1997 593 2063 nerto.
617 1998 655 2081 1,
677 1998 731 2064 os.
754 1999 809 2064 74.
834 1997 917 2082 rso,
945 1998 1088 2063 meoet.
1112 1999 1148 2077 1,
1173 1999 1225 2067 ro.

2 2080 5 2115 ¹
125 2103 171 2172 23
194 2103 258 2180 (sa
281 2104 317 2165 α
334 2125 375 2165 κ.
397 2101 507 2166 naor.
533 2099 631 2183 2525,
654 2099 714 2184 s),
738 2123 799 2166 nec
820 2101 930 2166 minus
951 2099 1158 2166 indefinitum
1180 2129 1229 2178 ..ς

2 2182 5 2218 ³
126 2216 204 2272 ante
225 2229 266 2270 κα
287 2201 392 2293 accipi
415 2203 520 2287 solet,
544 2205 654 2268 αἴτιαι
674 2209 774 2282 (τινα,
797 2205 891 2284 τινες)
914 2228 955 2267 κα
976 2202 1110 2269 Heracl.
1127 2203 1156 2289 l,
1172 2205 1225 2272 5⁷.

128 2308 184 2376 00.
209 2307 289 2389 123,
325 2305 415 2372 Cret.
440 2305 543 2385 3058,
581 2308 617 2368 αἱ
643 2307 679 2369 δι’
702 2331 750 2382 τις
779 2307 852 2389 (twa
875 2304 955 2388 etc.)
976 2331 1017 2370 κα
1039 2305 1172 2372 Heracl.
1197 2306 1227 2392 l,

3 2395 4 2406 ‘
127 2409 183 2476 71.
207 2409 260 2476 ao.
286 2407 367 2489 sos,
390 2407 480 2472 cnr.
505 2406 601 2473 sors.
626 2407 722 2476 suas.

2 2496 4 2532 ὅ
213 2509 250 2600 1)
293 2518 333 2574 N
338 2510 378 2572 al
405 2519 597 2598 potestatem
630 2507 851 2573 affirmativam
883 2531 950 2575 non
980 2507 1087 2574 solum
1115 2509 1229 2575 Attico

127 2637 219 2682 more
240 2635 317 2679 cunr
337 2635 381 2694 μα
402 2623 435 2677 et
454 2611 640 2678 accusativo
666 2610 815 2696 junctam
837 2611 953 2694 habet,
986 2619 1023 2675 ut
1043 2611 1163 2700 Epieh.
1188 2614 1230 2678 14
1371 2653 1373 2662 =

3 2717 5 2724 ’
130 2720 183 2782 καῖ
201 2715 245 2799 poi
265 2713 323 2779 τάκ
344 2711 507 2798 κράμβαν,
541 2711 585 2778 60
604 2715 659 2776 καῖ
678 2710 722 2793 pst
744 2715 810 2777 Δία
836 2721 923 2796 eim,
957 2713 1133 2780 sedetiam
1156 2715 1230 2782 sinc

129 2845 175 2904 po
195 2841 255 2907 pro
276 2816 390 2882 Attico
417 2815 478 2898 κη’,
513 2825 550 2880 ut
571 2815 717 2880 Acheru.
740 2815 804 2881 708
832 2819 885 2880 καῖ
911 2813 965 2880 κὰκ
989 2816 1131 2902 ‘Equam
1165 2817 1230 2885 740

128 2925 183 2988 καὶ
201 2917 256 2986 adv
277 2919 434 2996 Διοκλέα,
457 2919 522 2984 704
541 2916 667 2983 unleds
690 2918 839 2996 Horetdii,
862 2917 1006 3008 Lysistr.
1030 2917 1083 2986 81.
1108 2917 1162 2985 86.
1186 2917 1231 2986 90

130 3035 195 3090 etc.
218 3026 270 3086 καὶ
289 3020 332 3086 roi
356 3021 435 3100 oroi,
457 3021 532 3090 200.
549 3021 613 3088 088
634 3022 687 3084 καῖ
701 3017 756 3085 odo
768 3019 940 3104 Κάστορα,
964 3043 1025 3086 nec
1046 3043 1121 3086 raro
1141 3021 1229 3112 apud

26 3167 29 3172 ·
129 3123 368 3207 Theocritum,
405 3124 463 3216 qui
492 3120 668 3214 aliquoties
688 3123 860 3190 articulum
883 3121 994 3189 omisit
1015 3123 1068 3208 11,
1092 3123 1155 3191 106
1175 3127 1230 3189 καὶ

3 3221 5 3256 ¹
128 3229 280 3314 Μοίρας,
314 3225 445 3310 XXIV,
469 3227 511 3293 74
530 3229 584 3290 καὶ
608 3224 680 3307 ἕμὸκ
699 3225 792 3310 γλυκὺ
815 3227 938 3309 φέγγος.
991 3223 1106 3292 Minus
1139 3237 1228 3292 recte

129 3333 183 3397 vni
206 3328 263 3393 oroi
288 3329 360 3396 sine
382 3329 519 3394 articulo
543 3329 702 3418 scriptum
725 3335 793 3394 erat
813 3327 954 3416 Lysistr.
971 3327 1032 3410 81,
1057 3327 1117 3392 uhi
1139 3350 1230 3393 nunc
1372 3368 1377 3374 -

3 3419 5 3464 t
130 3429 329 3499 Diodoriins
350 3438 438 3495 recte
458 3429 608 3520 probarit
628 3429 772 3520 Reisigii
800 3429 1059 3496 emendationem
1088 3427 1171 3513 μάλα
1197 3429 1229 3514 γ’

129 3536 191 3602 oia'i
212 3536 263 3596 voti
282 3531 326 3596 roi
351 3530 421 3596 σιώ.

221 3633 255 3714 5)
297 3634 351 3700 De
379 3629 405 3698 ὦ
413 3662 448 3710 r,
482 3659 565 3726 quae
592 3637 696 3702 forma
717 3637 890 3702 universae
910 3633 1089 3724 antiquiori
1109 3633 1230 3702 Doridi

133 3758 210 3804 eum
239 3734 390 3802 dialectis
419 3737 530 3803 Ionica
560 3749 592 3804 et
613 3737 774 3804 Lesbiaco
801 3736 984 3803 eommunis
1006 3747 1055 3801 est
1075 3761 1135 3828 pro
1159 3733 1227 3818 οὖν,

133 3863 234 3930 supra
256 3837 401 3903 diximus
423 3840 456 3922 ξ.
479 3839 543 3922 20,
566 3839 619 3904 11.
673 3839 739 3905 Ηία
761 3839 912 3905 addimus
934 3839 1135 3930 singularem
1156 3866 1228 3932 par·

132 3941 255 4008 ticnlae
270 3941 517 4008 collocationem
532 3943 618 4008 iuter
629 3942 904 4034 praepositionem
922 3953 956 4010 et
971 3943 1121 4028 verbum,
1144 3965 1229 4035 qnae
1360 3953 1364 3962 '

153 4080 456 4094 w

169 4177 198 4241 1)
233 4175 319 4244 Greg.
337 4175 369 4228 C.
389 4175 451 4229 211.
486 4171 518 4226 τὸ
543 4169 608 4228 ὅκκα
633 4171 693 4229 ἀντὶ
714 4179 763 4230 τοῦ
787 4171 900 4244 ὅπηκὸκα
921 4177 964 4229 καὶ
989 4172 1068 4230 trior
1094 4175 1137 4226 καὶ
1158 4167 1227 4228 ὅπου

132 4265 264 4335 χρόπακ,
281 4261 316 4318 ci.
336 4265 359 4331 t.
371 4264 404 4316 11
421 4270 478 4316 not.
491 4261 532 4316 rt.
