2742 4794
203 339 254 420 32
405 334 462 408 De
486 327 637 408 dialecto
663 323 818 400 Aeolum
843 315 1078 394 Asianorum.
1119 369 1123 388 .

259 539 453 612 ,interdum
483 537 596 604 literae
625 527 755 618 cognati
781 524 854 592 soni
880 545 939 613 pro
961 519 1121 606 digamma
1147 515 1302 604 scriptae

203 649 428 744 reperiuntur,
457 639 493 705 in
514 640 599 722 βέτυς
626 657 685 724 pro
705 633 814 706 dieve,
844 623 932 718 quod
953 619 1172 687 Terentianus
1187 615 1302 682 dilau-

202 779 260 823 rns
282 745 444 816 Aeolibus
464 740 580 806 tribuit
594 733 646 823 ὅ),
678 733 713 798 in
736 733 887 814 φέσπερε,
916 735 952 790 ut
978 724 1013 788 in
1036 721 1156 811 Suppli.
1180 719 1222 783 fr.
1249 717 1302 783 45

202 855 325 946 legitur
357 845 442 937 apud
463 843 518 909 Et.
542 836 631 906 Gnd.
663 835 746 916 446,
775 837 817 907 3,
848 829 925 894 durn
953 823 1073 904 reteri,
1111 821 1168 911 qui
1199 822 1303 884 lrnne

203 978 333 1027 versum
354 951 507 1022 allerunt,
526 943 667 1019 Ἕσπερε
686 935 827 1016 lenirent,
855 943 887 997 et
907 932 989 994 harre
1011 925 1183 990 lectionem
1203 919 1303 1010 ipsis

204 1056 327 1149 ineptis
357 1050 448 1118 vocis
478 1039 684 1134 etymologiis
712 1035 920 1110 eoulirrnent,
954 1028 1021 1094 vid.
1044 1009 1138 1093 Nede
1168 1023 1210 1088 ir.
1232 1021 1301 1106 68,

205 1163 292 1230 unde
314 1179 387 1223 eum
408 1149 585 1220 Welclrero
606 1121 772 1219 Fd'nueoe
794 1133 996 1224 scripsimus.

289 1254 437 1326 Subinde
468 1251 504 1317 in
533 1251 700 1338 politorum
726 1237 877 1328 reliqniis
905 1233 1012 1298 hiatus
1041 1228 1175 1295 illicitus
1209 1227 1303 1294 olim

205 1367 366 1458 digamma
386 1350 627 1446 pronuntiatum
648 1343 754 1409 luisse
774 1339 914 1420 indicet,
945 1344 981 1412 ut
1001 1334 1077 1398 Ale.
1100 1331 1122 1398 7
1150 1328 1209 1395 aiud
1238 1328 1305 1415 έρ-

204 1497 279 1557 γον,
301 1465 338 1531 S.
360 1463 401 1541 2,
426 1457 463 1522 11
486 1457 612 1537 γλῶσσα
633 1445 720 1530 έαγε,
751 1441 809 1507 ubi
829 1451 916 1506 recte
938 1435 1140 1524 seripserunt
1158 1433 1301 1518 Ιιέργον,

205 1575 319 1654 Ray&
351 1571 438 1648 reete
470 1555 565 1621 etiam
586 1550 663 1617 Ale.
687 1547 726 1613 31
756 1570 775 1610 e
796 1540 919 1632 duplici
946 1537 1086 1604 lectione
1108 1538 1178 1618 οἴνῳ
1197 1534 1304 1600 πλεύ-

205 1698 284 1758 μονα
303 1666 396 1749 τέγγε,
419 1657 473 1725 eni
493 1664 631 1721 metrum
648 1648 847 1728 adversatur,
870 1653 903 1708 et
922 1641 1004 1724 τέγγε
1024 1635 1194 1720 πλεύμονας
1218 1639 1303 1720 οἴνῳ

205 1773 438 1842 intellexerunt
458 1757 537 1824 olim
555 1757 637 1838 τέγγε
657 1747 810 1830 πλεύμονα
833 1747 905 1828 οἴνῳ
926 1743 991 1810 i.e.
1011 1743 1112 1823 Ηνένῳ
1134 1739 1303 1828 seriptum

204 1876 320 1944 luisse.
364 1863 490 1953 (illinus
512 1867 634 1924 eertum
656 1863 706 1919 est
726 1851 902 1937 digamma,
926 1843 1013 1936 quod
1034 1843 1070 1907 in
1091 1842 1303 1932 corruptiore

202 1979 277 2046 loeo
294 1965 451 2060 Sapplr.2
470 1959 539 2027 v.7
562 1958 604 2033 ὥς
623 1979 657 2020 σε
678 1951 737 2038 γὰρ
755 1954 837 2044 Ivldor
859 1947 1038 2014 scribentes
1059 1941 1301 2032 restituimus),

204 2073 395 2146 Cavendum
423 2076 530 2130 tumen
557 2083 598 2124 ne
619 2056 741 2121 hiatum
763 2051 961 2143 qrmnrlilret‚
994 2069 1089 2136 snepe
1109 2049 1303 2136 corrnrptela

206 2193 323 2258 ortum,
346 2165 512 2258 dignmmi,
535 2162 569 2228 id
591 2159 679 2250 quod
694 2154 809 2221 Alenei
831 2163 864 2218 et
879 2149 1029 2241 Sapphus
1051 2149 1191 2214 editores
1210 2173 1302 2216 nnn-

205 2279 291 2348 nulli
312 2278 477 2353 lecerunt,
509 2261 667 2330 iudicium
688 2258 875 2324 habeamus.
934 2253 1001 2336 Qui
1023 2275 1105 2340 ques
1126 2273 1225 2316 voees
1247 2263 1302 2318 te·

204 2405 294 2453 mere
315 2377 479 2466 digamma*
496 2370 702 2443 ornaverunt,
726 2355 814 2449 quod
834 2356 928 2422 nullo
948 2353 1081 2419 aliunde
1100 2365 1302 2443 argumento

205 2478 366 2553 vindicari
388 2481 518 2564 posset,
541 2463 731 2532 omittimus.

291 2579 345 2672 3)'
365 2579 457 2662 Quas
485 2593 583 2638 voees
615 2563 702 2654 apud
728 2561 852 2630 Aeoles
880 2556 986 2650 magis
1013 2556 1163 2623 minusve
1194 2555 1301 2626 certis

206 2680 406 2774 argumentis
435 2669 631 2758 intelligitur
659 2666 818 2753 digamma
845 2663 932 2753 apud
952 2658 1094 2728 Lesbios
1122 2657 1300 2745 imbuisse,¹

206 2782 398 2879 pronomine
419 2779 438 2843 3
460 2797 574 2864 pers,
595 2769 710 2845 Fidus,
732 2765 864 2840 Filios,
887 2764 1001 2846 Ιέαγα,
1023 2763 1148 2838 Feiuor,
1170 2761 1297 2842 Ρέμμα,

109 2937 113 2946 -
207 2889 341 2972 Ρέργονζ
373 2880 549 2960 Ρέσπερος,
584 2871 687 2946 bl'du,
721 2869 831 2942 bisve,
864 2866 995 2950 Foivoe,¹
1026 2863 1157 2930 eaedem
1176 2885 1299 2929 omnes

206 2989 292 3079 apud
312 2985 491 3050 Homerum
511 2971 692 3040 certissima
716 2965 870 3056 digumrui
892 2963 1012 3030 indicia
1034 2965 1172 3048 hebent,
1194 2973 1300 3033 ulex

206 3085 433 3179 antiquissima
454 3079 650 3146 Graecorum
676 3071 793 3157 lingua
814 3069 901 3132 lrnne
923 3089 1039 3134 sonum
1061 3067 1146 3156 opud
1167 3065 1298 3133 Aeolus
1347 3097 1353 3110 ’

208 3203 367 3262 servatum
390 3207 463 3252 esse
483 3188 599 3269 puteat.
623 3209 665 3224 -
708 3171 826 3261 Neque
853 3179 961 3234 tannen
989 3192 1117 3256 semper
1143 3175 1199 3232 aut
1221 3163 1299 3233 ulsi-

208 3317 272 3386 qne
293 3286 419 3378 antiqui
441 3283 601 3373 digamma
628 3286 758 3341 tenaces
780 3281 883 3338 erant.
947 3268 1031 3337 Nam
1062 3281 1094 3336 et
1122 3269 1157 3334 in
1185 3269 1298 3336 titulis

206 3396 336 3462 nullum
364 3391 436 3476 ejus
457 3381 652 3472 vestigium,
686 3375 745 3441 ubi
765 3373 845 3440 adeo
866 3370 967 3438 Lesb.
990 3371 1093 3454 2166,
1118 3371 1158 3437 16
1179 3373 1297 3450 εἴκοσι,

206 3499 230 3565 1.
254 3498 296 3566 24
318 3490 492 3570 οἰκήσωσι,
515 3485 649 3570 Lurnps.
674 3480 714 3546 12
735 3479 828 3552 ἴσως,
856 3473 949 3538 Crem.
973 3475 1013 3538 41
1037 3475 1157 3549 sisarae
1177 3473 1299 3560 legen.

206 3612 280 3682 tur,
312 3619 393 3686 ques
414 3613 511 3656 voees
534 3586 614 3651 olim
635 3581 794 3667 digamma
819 3575 994 3658 habuisse,
1027 3598 1069 3640 ex
1090 3575 1203 3640 endem
1225 3573 1299 3640 lio·

203 3717 296 3766 'rnrro
318 3709 350 3764 et
370 3689 503 3760 aliunde
524 3692 667 3762 eormtnt,
696 3689 728 3743 et
748 3679 783 3743 in
811 3685 977 3768 positurum
997 3677 1147 3767 reliqniis
1168 3663 1301 3763 reperi-

208 3815 327 3885 untur,
356 3795 413 3863 ulei
444 3792 621 3882 digamum,
655 3779 743 3872 quod
772 3779 850 3848 olim
878 3777 960 3864 suit,
989 3778 1054 3844 viru
1082 3779 1301 3846 consonantis

215 3949 490 3968 .-..---....---..

243 4038 271 4103 6)
306 4035 371 4088 Ter.
391 4033 430 4087 Μ.
449 4028 484 4082 de
502 4027 569 4098 syll.
588 4043 611 4080 c.
628 4025 645 4080 1
665 4041 691 4078 r.
709 4026 760 4080 658
779 4039 806 4094 p.
827 4025 894 4079 239'l
913 4023 964 4078 P.:

412 4117 554 4182 tlnamque
572 4116 631 4169 ἴτυν
649 4113 744 4166 dicunt
763 4109 880 4178 Achaei,
900 4110 969 4162 lianc
984 4111 1063 4181 βέτνν
1079 4122 1147 4176 gens
1166 4105 1282 4178 deolisg

412 4203 499 4257 Plura
515 4201 629 4273 Sappho
646 4195 853 4270 comprobarit,
872 4197 974 4254 deoles
994 4207 1022 4252 et
1038 4192 1132 4251 maeri.
