2742 4794
213 349 263 427 66
413 349 470 422 De
495 343 647 420 dialecto
674 343 830 418 Aeolum
855 341 1088 418 Asianorum.

214 571 343 626 utemur
371 553 438 619 nisi
461 551 643 640 exemplis,
675 573 760 638 quae
787 544 926 638 plurima
951 547 1082 614 uadunt
1097 549 1150 634 ¹),
1189 559 1321 637 postet

214 683 326 728 corum
348 655 521 744 opiniones
544 637 639 742 etque
656 673 781 716 errores
803 664 835 714 ot
855 651 1179 716 commemorabimus
1199 662 1235 716 et
1255 673 1317 716 re·

214 759 405 829 tutabimur.
429 793 469 806 ·-·
491 753 708 818 ·Aecuratius
729 775 806 818 vero
829 752 1082 840 quaerentibus,
1114 752 1202 820 unde
1225 755 1318 820 haec

215 859 391 950 duplicatio
414 868 480 922 orta
504 857 565 936 sit,
607 856 641 919 in
672 854 784 919 nualtis
806 865 958 942 apparet,
997 853 1037 918 ab
1068 853 1196 942 origine
1223 855 1320 920 duas

214 974 431 1032 consonantes
472 957 575 1022 luisse
615 957 831 1043 conjunctas,
874 977 1011 1044 quarum
1047 955 1160 1020 rudior
1200 979 1320 1022 sonus

214 1089 315 1157 quum
335 1059 466 1128 tolerari
488 1081 553 1122 non
576 1081 674 1144 posse
695 1057 882 1138 videretur,
916 1056 1036 1144 reliqui
1057 1053 1174 1120 Graeci
1202 1057 1320 1124 altera

213 1171 317 1256 ejecta
338 1162 483 1231 vocalem
513 1160 774 1241 antecedentem,
809 1179 851 1221 ne
881 1159 1025 1246 syllabae
1048 1157 1213 1247 quantitas
1235 1183 1318 1224 mn·

213 1279 353 1344 teretur,
388 1261 628 1352 producebant,
659 1259 774 1326 Lesbii
805 1260 905 1324 altera
935 1260 1037 1350 eJccta
1059 1271 1243 1324 manentem
1267 1261 1316 1325 li·

215 1365 346 1462 quidam
367 1363 588 1453 duplicabant.
652 1360 744 1443 Quae
765 1383 839 1424 vera
867 1359 966 1446 hujus
994 1360 1200 1449 proprietatis
1222 1362 1316 1428 ratio

213 1497 280 1564 qno
299 1467 442 1536 lucidius
465 1473 635 1552 appareat,
658 1459 796 1550 primum
818 1485 855 1526 ea
876 1461 1082 1544 videbimus,
1104 1462 1144 1526 de
1166 1487 1314 1551 quarum

213 1570 398 1660 antiquiore
419 1568 521 1631 forano
542 1563 648 1654 magis
669 1574 813 1644 constat,
845 1574 957 1654 postea
979 1565 1020 1628 ad
1040 1563 1167 1654 reliqna
1188 1589 1313 1656 perge·

212 1699 309 1756 mus,
332 1693 415 1760 quac
436 1665 513 1730 inde
535 1665 727 1730 illustranda
750 1677 837 1730 snut.

297 1773 339 1850 2)
371 1769 410 1832 ln
431 1766 578 1831 Aoristis
600 1765 627 1830 l.
651 1767 823 1834 verborum
844 1775 879 1844 λ,
909 1795 949 1849 μ,
977 1795 1012 1846 o,
1037 1793 1055 1854 ρ
1078 1767 1262 1856 antiquitus
1287 1793 1311 1834 σ

212 1876 317 1944 inisse
340 1893 444 1959 eoque
472 1879 602 1957 propter
623 1869 817 1957 euphoniam
840 1869 1031 1960 plerumque
1046 1869 1151 1955 ejecto
1171 1869 1309 1936 brevem

215 1975 360 2044 vocalem
381 1970 641 2046 antecedentem,
678 1994 720 2034 ne
743 1970 887 2057 syllabae
909 1971 1072 2059 quantitas
1104 1972 1310 2056 turbaretur,

211 2078 400 2170 productam
423 2097 516 2152 esse,
546 2071 747 2160 reliquorum
767 2071 939 2137 verborum
962 2083 1126 2140 eteorum
1148 2075 1307 2160 maxime,

212 2201 296 2268 quae
329 2185 403 2262 post
434 2171 577 2260 liquidos
606 2171 627 2234 ἆ
655 2171 736 2237 tuita
765 2185 860 2256 sunt,
894 2174 1044 2264 arralogia
1074 2175 1153 2241 satis
1180 2177 1314 2244 evincit'

211 2281 269 2362 (cl'.
301 2279 378 2342 Pott
408 2276 515 2358 Etym.
551 2275 680 2341 Forscb.
713 2278 740 2342 l.
770 2299 806 2359 p.
841 2277 919 2358 19),·
961 2275 1064 2365 igitur
1102 2277 1219 2342 ἔστειλα
1260 2305 1306 2346 ex

212 2381 337 2446 ἔστελσα
359 2388 469 2443 uatum
491 2385 541 2439 est
562 2387 622 2439 etc.
680 2374 754 2442 Jam
775 2399 851 2442 vero
872 2377 995 2443 Aeoles
1023 2379 1059 2444 in
1087 2381 1140 2446 his
1168 2379 1308 2448 brevem

210 2483 356 2550 vocalem
403 2480 574 2548 intactam¹
603 2479 832 2568 reliquerunt,
884 2480 1041 2570 liquidam
1078 2481 1304 2571 duplicarunt.

211 2583 370 2672 Exemplo
392 2583 570 2647 afferuntur
590 2605 608 2646 a
630 2580 847 2671 grammaticis
861 2583 888 2660 ²)
912 2582 1113 2666 στελλάμεναι,
1137 2585 1303 2666 incipero,

211 2689 370 2768 iyr'vroao,
389 2685 508 2747 uerbum
528 2707 587 2769 pro
611 2683 819 2764 uesticipem,
846 2681 965 2764 ἆρ’ῥάτω
987 2695 1047 2748 ctc.
1071 2723 1110 2736 -
1155 2687 1194 2750 ln
1216 2711 1304 2754 mar·

212 2809 301 2852 more
324 2785 547 2872 Lampsaceno
568 2783 724 2872 leguntur
745 2785 768 2847 l.
794 2783 845 2847 10.
871 2785 911 2848 18
934 2783 1129 2866 ἇπέστελλαν,
1153 2787 1303 2857 riuooral·

212 2897 316 2954 λαπα.
339 2921 380 2936 ·-
423 2884 524 2974 Apud
554 2890 666 2971 politas
694 2883 814 2970 duplex
844 2883 970 2973 liquida
997 2886 1032 2952 iu
1062 2889 1160 2956 libris
1188 2903 1239 2956 est
1260 2893 1300 2959 S.

216 3083 437 3104 ...η-...ψ

247 3215 274 3280 1)
310 3207 488 3266 Grammatici
513 3209 586 3274 mim
613 3207 664 3261 bac
682 3208 833 3262 Lesbiacae
857 3209 970 3266 dialecti
994 3211 1102 3268 ratione
1127 3227 1239 3272 utuntur
1261 3221 1300 3275 ad

213 3297 440 3366 orthographiam
464 3311 561 3347 vocum
587 3293 688 3354 certius
718 3296 953 3364 constituendam,
980 3309 1010 3353 ut
1033 3298 1098 3370 alpe
1120 3305 1300 3361 scribendum

212 3400 287 3451 em,
305 3399 359 3436 non
377 3381 443 3451 ῖμα,
466 3393 540 3436 recte
558 3397 594 3434 ex
612 3381 729 3434 Aeolico
746 3381 820 3451 three
837 3384 988 3466 colligunt,
1014 3399 1109 3442 contre
1124 3393 1222 3460 zeittes
1240 3407 1301 3448 Μ

212 3473 324 3540 χρῆμα,
343 3485 380 3521 ex
398 3468 515 3522 Aeolico
532 3471 645 3535 χρίμμα.
681 3467 781 3520 Omnia
800 3469 858 3524 lere
875 3475 934 3538 ejus
950 3473 1061 3540 generis
1080 3491 1117 3528 ex
1134 3477 1301 3534 Herodiano

211 3572 322 3611 manare
340 3553 483 3622 videmur,
511 3555 583 3607 unde
609 3554 680 3606 haud
700 3553 784 3608 dubie
803 3555 906 3622 bausit,
931 3557 980 3624 qni
1005 3559 1102 3628 plenus
1119 3573 1161 3618 est
1185 3565 1301 3634 talibus,

212 3641 422 3696 Choeroboscns
439 3641 474 3694 de
498 3639 697 3712 orthographia
723 3641 751 3694 in
768 3643 972 3698 anecdotorum
990 3646 1190 3706 oxoniensium
1208 3652 1302 3710 Voln-

211 3730 286 3782 mine
303 3727 399 3782 altero.

246 3874 275 3940 2)
310 3876 382 3925 Anu.
402 3871 458 3926 Ox.
476 3871 504 3938 1,
521 3873 589 3938 ³25,
606 3873 649 3926 tt.
667 3869 804 3942 iytmnro,
820 3871 1010 3942 cretia'pevns,
1037 3893 1154 3944 quocum
1172 3882 1301 3938 conteras

210 3957 276 4012 bles.
296 3951 489 4024 οπελλᾶμινιιι,
515 3955 686 4027 modrimem
710 3959 779 4023 (vid.
797 3959 820 4024 6.
838 3962 872 4025 6,
894 3965 936 4028 l);
960 3963 987 4014 J.
1006 3961 1055 4016 Gr.
1073 3965 1138 4032 244,
1156 3981 1179 4021 a
1206 3966 1296 4038 (ἕως.

210 4045 240 4100 G.
261 4047 322 4100 587.
339 4042 478 4110 iptvrnro,
497 4045 611 4098 Mearm.
630 4047 690 4100 666.
709 4043 857 4114 dampere,
876 4045 1044 4104 varicoso.
1062 4048 1299 4124 eptomadam-

208 4151 289 4204 pcto,
305 4129 333 4184 d.
353 4127 402 4182 Gr.
421 4131 482 4198 ms,
502 4131 527 4184 b.
545 4133 648 4185 κτεῖναι
666 4127 773 4184 aedem
790 4131 845 4201 leg.
864 4137 983 4201 mines,
1001 4135 1037 4190 de
1051 4132 1159 4206 o'ddeirar
1176 4139 1213 4193 cb
1228 4141 1297 4214 alp·

206 4217 263 4274 vid.
283 4217 306 4284 i.
327 4217 367 4270 15.
386 4227 441 4272 not.
460 4221 485 4272 7.
