<?xml version="1.0" encoding="UTF-8"?>
<!DOCTYPE html PUBLIC "-//W3C//DTD XHTML 1.0 Transitional//EN"
    "http://www.w3.org/TR/xhtml1/DTD/xhtml1-transitional.dtd">
<html xmlns="http://www.w3.org/1999/xhtml" xml:lang="en" lang="en">
 <head>
  <title>
</title>
<meta http-equiv="Content-Type" content="text/html;charset=utf-8" />
  <meta name='ocr-system' content='tesseract 3.04.00' />
  <meta name='ocr-capabilities' content='ocr_page ocr_carea ocr_par ocr_line ocrx_word'/>
</head>
<body>
  <div class='ocr_page' id='page_1' title='image "./degraccaelingua01ahregoog_0171.png"; bbox 0 0 2784 4768; ppageno 0'>
   <div class='ocr_carea' id='block_1_1' title="bbox 241 361 1118 447">
    <p class='ocr_par' dir='ltr' id='par_1_1' title="bbox 241 361 1118 447">
     <span class='ocr_line' id='line_1_1' title="bbox 241 361 1118 447; baseline -0.01 -3"><span class='ocrx_word' id='word_1_1' title='bbox 241 365 315 447; x_wconf 79' lang='lat'>150</span> <span class='ocrx_word' id='word_1_2' title='bbox 440 371 498 443; x_wconf 87' lang='lat' dir='ltr'>De</span> <span class='ocrx_word' id='word_1_3' title='bbox 523 365 676 444; x_wconf 73' lang='lat' dir='ltr'>dialecto</span> <span class='ocrx_word' id='word_1_4' title='bbox 701 363 859 440; x_wconf 78' lang='lat' dir='ltr'>Aeolum</span> <span class='ocrx_word' id='word_1_5' title='bbox 882 361 1118 440; x_wconf 77' lang='lat' dir='ltr'><strong>Asianorum.</strong></span> 
     </span>
    </p>
   </div>
   <div class='ocr_carea' id='block_1_2' title="bbox 154 562 1383 3006">
    <p class='ocr_par' dir='ltr' id='par_1_2' title="bbox 154 562 1332 2180">
     <span class='ocr_line' id='line_1_2' title="bbox 321 562 1332 656; baseline -0.008 -19"><span class='ocrx_word' id='word_1_6' title='bbox 321 578 355 637; x_wconf 83' lang='lat' dir='ltr'><em>K</em></span> <span class='ocrx_word' id='word_1_7' title='bbox 361 596 405 636; x_wconf 82' lang='lat' dir='ltr'>nr</span> <span class='ocrx_word' id='word_1_8' title='bbox 430 579 525 636; x_wconf 89' lang='lat' dir='ltr'>notas</span> <span class='ocrx_word' id='word_1_9' title='bbox 556 566 768 638; x_wconf 76' lang='lat' dir='ltr'>consonantis</span> <span class='ocrx_word' id='word_1_10' title='bbox 795 565 990 636; x_wconf 85' lang='lat' dir='ltr'>mutationes</span> <span class='ocrx_word' id='word_1_11' title='bbox 1010 575 1180 656; x_wconf 86' lang='lat' dir='ltr'>expertem</span> <span class='ocrx_word' id='word_1_12' title='bbox 1206 563 1243 630; x_wconf 87' lang='lat' dir='ltr'>in</span> <span class='ocrx_word' id='word_1_13' title='bbox 1273 562 1332 630; x_wconf 85' lang='lat' dir='ltr'>lais</span> 
     </span>
     <span class='ocr_line' id='line_1_3' title="bbox 238 665 1331 764; baseline -0.005 -26"><span class='ocrx_word' id='word_1_14' title='bbox 238 672 397 764; x_wconf 79' lang='lat' dir='ltr'>exemplis</span> <span class='ocrx_word' id='word_1_15' title='bbox 423 669 565 762; x_wconf 69' lang='lat' dir='ltr'>legiturs</span> <span class='ocrx_word' id='word_1_16' title='bbox 606 673 739 761; x_wconf 71' lang='lat' dir='ltr'>Lampe.</span> <span class='ocrx_word' id='word_1_17' title='bbox 764 667 805 738; x_wconf 87' lang='grc'>11</span> <span class='ocrx_word' id='word_1_18' title='bbox 833 671 974 747; x_wconf 75' lang='lat' dir='ltr'>surreie,</span> <span class='ocrx_word' id='word_1_19' title='bbox 1014 667 1110 734; x_wconf 84' lang='lat' dir='ltr'>Cum.</span> <span class='ocrx_word' id='word_1_20' title='bbox 1134 667 1187 734; x_wconf 91' lang='grc'>31.</span> <span class='ocrx_word' id='word_1_21' title='bbox 1210 665 1262 734; x_wconf 80' lang='grc'>36.</span> <span class='ocrx_word' id='word_1_22' title='bbox 1285 665 1331 733; x_wconf 91' lang='grc'>16</span> 
     </span>
     <span class='ocr_line' id='line_1_4' title="bbox 238 769 1328 854; baseline -0.005 -16"><span class='ocrx_word' id='word_1_23' title='bbox 238 771 336 840; x_wconf 73' lang='grc' dir='ltr'><strong><em>καττὰ</em></strong></span> <span class='ocrx_word' id='word_1_24' title='bbox 364 783 397 840; x_wconf 92' lang='lat' dir='ltr'>et</span> <span class='ocrx_word' id='word_1_25' title='bbox 423 771 570 853; x_wconf 70' lang='lat' dir='ltr'>emtus,</span> <span class='ocrx_word' id='word_1_26' title='bbox 602 774 647 839; x_wconf 81' lang='lat' dir='ltr'>A.</span> <span class='ocrx_word' id='word_1_27' title='bbox 677 774 711 840; x_wconf 89' lang='grc'>7.</span> <span class='ocrx_word' id='word_1_28' title='bbox 740 773 795 839; x_wconf 95' lang='grc'><strong>29.</strong></span> <span class='ocrx_word' id='word_1_29' title='bbox 818 771 859 838; x_wconf 89' lang='grc'>31</span> <span class='ocrx_word' id='word_1_30' title='bbox 877 774 1019 849; x_wconf 65' lang='lat' dir='ltr'>surreie,</span> <span class='ocrx_word' id='word_1_31' title='bbox 1048 772 1171 854; x_wconf 67' lang='grc' dir='ltr'><strong>παπαῖ,</strong></span> <span class='ocrx_word' id='word_1_32' title='bbox 1199 769 1328 844; x_wconf 66' lang='lat' dir='ltr'>umis,</span> 
     </span>
     <span class='ocr_line' id='line_1_5' title="bbox 238 869 1328 956; baseline -0.004 -14"><span class='ocrx_word' id='word_1_33' title='bbox 238 871 275 942; x_wconf 87' lang='grc'>8.</span> <span class='ocrx_word' id='word_1_34' title='bbox 300 875 342 942; x_wconf 80' lang='grc'>13</span> <span class='ocrx_word' id='word_1_35' title='bbox 372 871 607 954; x_wconf 48' lang='lat' dir='ltr'>aenomaus}</span> <span class='ocrx_word' id='word_1_36' title='bbox 637 876 732 940; x_wconf 71' lang='lat' dir='ltr'>seddi</span> <span class='ocrx_word' id='word_1_37' title='bbox 761 873 798 940; x_wconf 93' lang='lat' dir='ltr'>S.</span> <span class='ocrx_word' id='word_1_38' title='bbox 820 873 843 940; x_wconf 91' lang='grc'><strong>2</strong></span> <span class='ocrx_word' id='word_1_39' title='bbox 869 897 901 940; x_wconf 83' lang='lat' dir='ltr'>v.</span> <span class='ocrx_word' id='word_1_40' title='bbox 932 871 972 938; x_wconf 87' lang='grc'>13</span> <span class='ocrx_word' id='word_1_41' title='bbox 999 881 1032 937; x_wconf 87' lang='lat' dir='ltr'>et</span> <span class='ocrx_word' id='word_1_42' title='bbox 1059 872 1120 955; x_wconf 90' lang='grc'>32,</span> <span class='ocrx_word' id='word_1_43' title='bbox 1164 869 1243 936; x_wconf 77' lang='lat' dir='ltr'>Ate.</span> <span class='ocrx_word' id='word_1_44' title='bbox 1265 869 1328 956; x_wconf 63' lang='grc'>29,</span> 
     </span>
     <span class='ocr_line' id='line_1_6' title="bbox 237 971 1330 1060; baseline -0.005 -19"><span class='ocrx_word' id='word_1_45' title='bbox 237 971 392 1056; x_wconf 68' lang='grc' dir='ltr'><strong>κάτθανε,</strong></span> <span class='ocrx_word' id='word_1_46' title='bbox 435 975 598 1057; x_wconf 70' lang='lat' dir='ltr'>nerduinus</span> <span class='ocrx_word' id='word_1_47' title='bbox 627 977 672 1043; x_wconf 82' lang='lat' dir='ltr'>A.</span> <span class='ocrx_word' id='word_1_48' title='bbox 697 978 749 1044; x_wconf 92' lang='grc'>12.</span> <span class='ocrx_word' id='word_1_49' title='bbox 771 976 835 1060; x_wconf 90' lang='grc'>21,</span> <span class='ocrx_word' id='word_1_50' title='bbox 870 972 1066 1042; x_wconf 75' lang='grc' dir='ltr'><strong><em>κατθάνοισα</em></strong></span> <span class='ocrx_word' id='word_1_51' title='bbox 1092 972 1128 1040; x_wconf 88' lang='lat' dir='ltr'>S.</span> <span class='ocrx_word' id='word_1_52' title='bbox 1151 971 1213 1056; x_wconf 86' lang='grc'>69,</span> <span class='ocrx_word' id='word_1_53' title='bbox 1252 997 1330 1037; x_wconf 73' lang='grc' dir='ltr'><strong><em>κατ-</em></strong></span> 
     </span>
     <span class='ocr_line' id='line_1_7' title="bbox 236 1071 1328 1165; baseline -0.004 -21"><span class='ocrx_word' id='word_1_54' title='bbox 236 1075 371 1146; x_wconf 60' lang='lat' dir='ltr'>utores</span> <span class='ocrx_word' id='word_1_55' title='bbox 409 1075 445 1146; x_wconf 90' lang='lat' dir='ltr'>S.</span> <span class='ocrx_word' id='word_1_56' title='bbox 468 1079 529 1165; x_wconf 72' lang='grc'>13,</span> <span class='ocrx_word' id='word_1_57' title='bbox 565 1105 625 1144; x_wconf 75' lang='lat' dir='ltr'>sne</span> <span class='ocrx_word' id='word_1_58' title='bbox 652 1077 790 1163; x_wconf 75' lang='grc' dir='ltr'><strong><em>κεφάλας</em></strong></span> <span class='ocrx_word' id='word_1_59' title='bbox 822 1077 867 1142; x_wconf 90' lang='grc' dir='ltr'>Α.</span> <span class='ocrx_word' id='word_1_60' title='bbox 892 1076 952 1160; x_wconf 89' lang='grc'>33,</span> <span class='ocrx_word' id='word_1_61' title='bbox 994 1100 1053 1158; x_wconf 75' lang='lat' dir='ltr'>sur</span> <span class='ocrx_word' id='word_1_62' title='bbox 1082 1073 1180 1158; x_wconf 57' lang='lat' dir='ltr'>privor</span> <span class='ocrx_word' id='word_1_63' title='bbox 1210 1071 1246 1140; x_wconf 90' lang='lat' dir='ltr'>S.</span> <span class='ocrx_word' id='word_1_64' title='bbox 1271 1073 1328 1158; x_wconf 88' lang='grc'>11,</span> 
     </span>
     <span class='ocr_line' id='line_1_8' title="bbox 236 1174 1327 1266; baseline -0.004 -21"><span class='ocrx_word' id='word_1_65' title='bbox 236 1179 397 1266; x_wconf 61' lang='lat' dir='ltr'>sospitent</span> <span class='ocrx_word' id='word_1_66' title='bbox 425 1178 461 1250; x_wconf 83' lang='lat' dir='ltr'>S.</span> <span class='ocrx_word' id='word_1_67' title='bbox 489 1182 513 1248; x_wconf 87' lang='grc'><strong>2</strong></span> <span class='ocrx_word' id='word_1_68' title='bbox 540 1205 572 1248; x_wconf 83' lang='lat' dir='ltr'>v.</span> <span class='ocrx_word' id='word_1_69' title='bbox 597 1178 660 1262; x_wconf 89' lang='grc'>13,</span> <span class='ocrx_word' id='word_1_70' title='bbox 700 1179 823 1266; x_wconf 61' lang='lat' dir='ltr'>suspiro</span> <span class='ocrx_word' id='word_1_71' title='bbox 849 1179 894 1245; x_wconf 85' lang='lat' dir='ltr'>A.</span> <span class='ocrx_word' id='word_1_72' title='bbox 925 1178 986 1262; x_wconf 69' lang='grc'>31,</span> <span class='ocrx_word' id='word_1_73' title='bbox 1015 1174 1168 1260; x_wconf 75' lang='grc' dir='ltr'>κάββαλλε</span> <span class='ocrx_word' id='word_1_74' title='bbox 1194 1175 1327 1262; x_wconf 56' lang='grc'><strong>1127,</strong></span> 
     </span>
     <span class='ocr_line' id='line_1_9' title="bbox 236 1277 1328 1363; baseline -0.004 -17"><span class='ocrx_word' id='word_1_75' title='bbox 236 1303 300 1363; x_wconf 74' lang='lat' dir='ltr'>sup</span> <span class='ocrx_word' id='word_1_76' title='bbox 319 1284 373 1363; x_wconf 76' lang='grc' dir='ltr'>μὲν</span> <span class='ocrx_word' id='word_1_77' title='bbox 394 1279 431 1348; x_wconf 92' lang='lat' dir='ltr'>S.</span> <span class='ocrx_word' id='word_1_78' title='bbox 451 1283 474 1350; x_wconf 98' lang='grc'><strong>2</strong></span> <span class='ocrx_word' id='word_1_79' title='bbox 494 1305 527 1347; x_wconf 84' lang='lat' dir='ltr'>v.</span> <span class='ocrx_word' id='word_1_80' title='bbox 549 1281 582 1348; x_wconf 89' lang='grc'>9.</span> <span class='ocrx_word' id='word_1_81' title='bbox 648 1279 772 1346; x_wconf 79' lang='lat' dir='ltr'>Partim</span> <span class='ocrx_word' id='word_1_82' title='bbox 800 1279 835 1345; x_wconf 91' lang='lat' dir='ltr'>in</span> <span class='ocrx_word' id='word_1_83' title='bbox 865 1279 918 1346; x_wconf 84' lang='lat' dir='ltr'>hie</span> <span class='ocrx_word' id='word_1_84' title='bbox 946 1277 1076 1345; x_wconf 86' lang='lat' dir='ltr'>brevior</span> <span class='ocrx_word' id='word_1_85' title='bbox 1099 1277 1202 1344; x_wconf 77' lang='lat' dir='ltr'>fornae</span> <span class='ocrx_word' id='word_1_86' title='bbox 1222 1285 1328 1343; x_wconf 87' lang='lat' dir='ltr'>metro</span> 
     </span>
     <span class='ocr_line' id='line_1_10' title="bbox 236 1377 1327 1473; baseline -0.005 -25"><span class='ocrx_word' id='word_1_87' title='bbox 236 1383 421 1470; x_wconf 74' lang='lat' dir='ltr'><strong>postulante</strong></span> <span class='ocrx_word' id='word_1_88' title='bbox 444 1382 515 1449; x_wconf 89' lang='lat' dir='ltr'>sine</span> <span class='ocrx_word' id='word_1_89' title='bbox 535 1381 632 1450; x_wconf 86' lang='lat' dir='ltr'>libris</span> <span class='ocrx_word' id='word_1_90' title='bbox 653 1381 796 1473; x_wconf 73' lang='lat' dir='ltr'>reposito</span> <span class='ocrx_word' id='word_1_91' title='bbox 817 1393 877 1448; x_wconf 87' lang='lat' dir='ltr'>est.</span> <span class='ocrx_word' id='word_1_92' title='bbox 922 1381 1060 1448; x_wconf 77' lang='lat' dir='ltr'>Rariorn</span> <span class='ocrx_word' id='word_1_93' title='bbox 1080 1390 1173 1459; x_wconf 86' lang='lat' dir='ltr'>sent,</span> <span class='ocrx_word' id='word_1_94' title='bbox 1195 1378 1230 1444; x_wconf 89' lang='lat' dir='ltr'>in</span> <span class='ocrx_word' id='word_1_95' title='bbox 1252 1377 1327 1468; x_wconf 80' lang='lat' dir='ltr'>qni·</span> 
     </span>
     <span class='ocr_line' id='line_1_11' title="bbox 236 1479 1325 1574; baseline -0.006 -22"><span class='ocrx_word' id='word_1_96' title='bbox 236 1481 300 1552; x_wconf 79' lang='lat' dir='ltr'>bue</span> <span class='ocrx_word' id='word_1_97' title='bbox 327 1490 347 1550; x_wconf 71' lang='lat' dir='ltr'><strong><em>i</em></strong></span> <span class='ocrx_word' id='word_1_98' title='bbox 374 1493 448 1552; x_wconf 82' lang='lat' dir='ltr'>ente</span> <span class='ocrx_word' id='word_1_99' title='bbox 476 1509 618 1574; x_wconf 85' lang='lat' dir='ltr'>sequeus</span> <span class='ocrx_word' id='word_1_100' title='bbox 646 1485 696 1568; x_wconf 65' lang='grc' dir='ltr'>οἳ,</span> <span class='ocrx_word' id='word_1_101' title='bbox 724 1484 764 1554; x_wconf 64' lang='grc' dir='ltr'><strong><em>ἦ</em></strong></span> <span class='ocrx_word' id='word_1_102' title='bbox 784 1483 932 1572; x_wconf 77' lang='lat' dir='ltr'>ejicitur,</span> <span class='ocrx_word' id='word_1_103' title='bbox 973 1481 1144 1558; x_wconf 77' lang='grc' dir='ltr'><strong><em>καστάθεις</em></strong></span> <span class='ocrx_word' id='word_1_104' title='bbox 1174 1480 1219 1546; x_wconf 78' lang='grc' dir='ltr'>Α.</span> <span class='ocrx_word' id='word_1_105' title='bbox 1250 1479 1325 1560; x_wconf 90' lang='grc'><strong>192,</strong></span> 
     </span>
     <span class='ocr_line' id='line_1_12' title="bbox 236 1581 1327 1678; baseline -0.002 -28"><span class='ocrx_word' id='word_1_106' title='bbox 236 1587 398 1652; x_wconf 74' lang='grc' dir='ltr'><strong><em>αααπαλεά</em></strong></span> <span class='ocrx_word' id='word_1_107' title='bbox 420 1585 456 1652; x_wconf 94' lang='lat' dir='ltr'>S.</span> <span class='ocrx_word' id='word_1_108' title='bbox 478 1587 521 1656; x_wconf 83' lang='grc'><strong>23</strong></span> <span class='ocrx_word' id='word_1_109' title='bbox 548 1588 591 1654; x_wconf 79' lang='lat' dir='ltr'>et.</span> <span class='ocrx_word' id='word_1_110' title='bbox 615 1583 646 1676; x_wconf 83' lang='lat'>§.</span> <span class='ocrx_word' id='word_1_111' title='bbox 670 1589 711 1673; x_wconf 88' lang='grc'><strong>6,</strong></span> <span class='ocrx_word' id='word_1_112' title='bbox 733 1589 766 1656; x_wconf 87' lang='grc'>3.</span> <span class='ocrx_word' id='word_1_113' title='bbox 817 1586 994 1678; x_wconf 70' lang='lat' dir='ltr'>Neglectae</span> <span class='ocrx_word' id='word_1_114' title='bbox 1022 1585 1057 1650; x_wconf 89' lang='lat' dir='ltr'>iu</span> <span class='ocrx_word' id='word_1_115' title='bbox 1078 1587 1140 1650; x_wconf 85' lang='lat' dir='ltr'>hae</span> <span class='ocrx_word' id='word_1_116' title='bbox 1160 1581 1327 1674; x_wconf 77' lang='lat' dir='ltr'>praeposi·</span> 
     </span>
     <span class='ocr_line' id='line_1_13' title="bbox 234 1683 1329 1780; baseline -0.004 -26"><span class='ocrx_word' id='word_1_117' title='bbox 234 1687 325 1754; x_wconf 87' lang='lat' dir='ltr'>tione</span> <span class='ocrx_word' id='word_1_118' title='bbox 351 1711 513 1779; x_wconf 75' lang='lat' dir='ltr'>apocopae</span> <span class='ocrx_word' id='word_1_119' title='bbox 541 1690 637 1757; x_wconf 82' lang='lat' dir='ltr'>unica</span> <span class='ocrx_word' id='word_1_120' title='bbox 666 1691 812 1780; x_wconf 81' lang='lat' dir='ltr'>exempla</span> <span class='ocrx_word' id='word_1_121' title='bbox 848 1699 926 1756; x_wconf 88' lang='lat' dir='ltr'>sunt</span> <span class='ocrx_word' id='word_1_122' title='bbox 959 1689 1196 1768; x_wconf 74' lang='grc' dir='ltr'><strong><em>καταστείβουσι</em></strong></span> <span class='ocrx_word' id='word_1_123' title='bbox 1223 1683 1329 1752; x_wconf 88' lang='grc'><strong>8.11</strong></span> 
     </span>
     <span class='ocr_line' id='line_1_14' title="bbox 154 1787 1330 1882; baseline -0.003 -24"><span class='ocrx_word' id='word_1_124' title='bbox 154 1863 157 1868; x_wconf 64' lang='grc'><strong>,</strong></span> <span class='ocrx_word' id='word_1_125' title='bbox 234 1787 271 1858; x_wconf 85' lang='lat' dir='ltr'>iu</span> <span class='ocrx_word' id='word_1_126' title='bbox 299 1789 448 1856; x_wconf 84' lang='lat' dir='ltr'>versibus</span> <span class='ocrx_word' id='word_1_127' title='bbox 470 1789 638 1882; x_wconf 81' lang='lat' dir='ltr'>Seppheni</span> <span class='ocrx_word' id='word_1_128' title='bbox 670 1818 711 1860; x_wconf 87' lang='lat' dir='ltr'>ea</span> <span class='ocrx_word' id='word_1_129' title='bbox 741 1793 862 1858; x_wconf 76' lang='lat' dir='ltr'>incerte</span> <span class='ocrx_word' id='word_1_130' title='bbox 891 1791 1079 1878; x_wconf 78' lang='lat' dir='ltr'>conjectura</span> <span class='ocrx_word' id='word_1_131' title='bbox 1104 1787 1253 1866; x_wconf 84' lang='lat' dir='ltr'>tributis,</span> <span class='ocrx_word' id='word_1_132' title='bbox 1293 1797 1330 1854; x_wconf 88' lang='lat' dir='ltr'>et</span> 
     </span>
     <span class='ocr_line' id='line_1_15' title="bbox 235 1888 1325 1986; baseline 0 -32"><span class='ocrx_word' id='word_1_133' title='bbox 235 1891 441 1974; x_wconf 70' lang='grc' dir='ltr'>ααταῤῥεῒὸ.</span> <span class='ocrx_word' id='word_1_134' title='bbox 464 1894 505 1978; x_wconf 88' lang='grc'>1,</span> <span class='ocrx_word' id='word_1_135' title='bbox 547 1895 637 1984; x_wconf 87' lang='lat' dir='ltr'>quod</span> <span class='ocrx_word' id='word_1_136' title='bbox 665 1919 767 1986; x_wconf 86' lang='lat' dir='ltr'>quum</span> <span class='ocrx_word' id='word_1_137' title='bbox 798 1895 894 1960; x_wconf 78' lang='lat' dir='ltr'>etiem</span> <span class='ocrx_word' id='word_1_138' title='bbox 923 1889 1155 1958; x_wconf 81' lang='lat' dir='ltr'>contractionis</span> <span class='ocrx_word' id='word_1_139' title='bbox 1192 1888 1325 1954; x_wconf 86' lang='lat' dir='ltr'>nomine</span> 
     </span>
     <span class='ocr_line' id='line_1_16' title="bbox 236 1989 1326 2092; baseline 0 -34"><span class='ocrx_word' id='word_1_140' title='bbox 236 2003 423 2082; x_wconf 82' lang='lat' dir='ltr'>suspectum</span> <span class='ocrx_word' id='word_1_141' title='bbox 446 1994 490 2062; x_wconf 89' lang='lat' dir='ltr'>sit</span> <span class='ocrx_word' id='word_1_142' title='bbox 512 1991 600 2084; x_wconf 80' lang='lat' dir='ltr'>(vid.</span> <span class='ocrx_word' id='word_1_143' title='bbox 629 1995 660 2092; x_wconf 57' lang='grc' dir='ltr'>ᾗ.</span> <span class='ocrx_word' id='word_1_144' title='bbox 685 1999 725 2080; x_wconf 82' lang='grc'>6,</span> <span class='ocrx_word' id='word_1_145' title='bbox 747 1993 809 2088; x_wconf 88' lang='grc'>8),</span> <span class='ocrx_word' id='word_1_146' title='bbox 844 1995 1019 2064; x_wconf 83' lang='lat' dir='ltr'>maluimus</span> <span class='ocrx_word' id='word_1_147' title='bbox 1040 2002 1150 2060; x_wconf 82' lang='lat' dir='ltr'>-eaetro</span> <span class='ocrx_word' id='word_1_148' title='bbox 1182 1989 1326 2083; x_wconf 83' lang='lat' dir='ltr'>patiente</span> 
     </span>
     <span class='ocr_line' id='line_1_17' title="bbox 235 2095 1164 2180; baseline 0.004 -18"><span class='ocrx_word' id='word_1_149' title='bbox 235 2095 358 2180; x_wconf 75' lang='grc' dir='ltr'><strong><em>καρῤέει</em></strong></span> <span class='ocrx_word' id='word_1_150' title='bbox 380 2096 535 2164; x_wconf 83' lang='lat' dir='ltr'>seribere.</span> <span class='ocrx_word' id='word_1_151' title='bbox 1160 2133 1164 2140; x_wconf 93' lang='lat'>·</span> 
     </span>
    </p>

    <p class='ocr_par' dir='ltr' id='par_1_3' title="bbox 233 2195 1383 3006">
     <span class='ocr_line' id='line_1_18' title="bbox 311 2195 1327 2292; baseline 0 -28"><span class='ocrx_word' id='word_1_152' title='bbox 311 2196 354 2284; x_wconf 64' lang='lat'>3)</span> <span class='ocrx_word' id='word_1_153' title='bbox 376 2198 477 2268; x_wconf 82' lang='lat' dir='ltr'>Aliae</span> <span class='ocrx_word' id='word_1_154' title='bbox 497 2199 755 2289; x_wconf 73' lang='lat' dir='ltr'>praepositiones</span> <span class='ocrx_word' id='word_1_155' title='bbox 776 2199 940 2268; x_wconf 86' lang='lat' dir='ltr'>interdurn</span> <span class='ocrx_word' id='word_1_156' title='bbox 961 2221 1126 2292; x_wconf 73' lang='lat' dir='ltr'>apocopen</span> <span class='ocrx_word' id='word_1_157' title='bbox 1139 2195 1327 2282; x_wconf 85' lang='lat' dir='ltr'>admittunt,</span> 
     </span>
     <span class='ocr_line' id='line_1_19' title="bbox 235 2297 1327 2396; baseline 0.004 -30"><span class='ocrx_word' id='word_1_158' title='bbox 235 2309 272 2366; x_wconf 83' lang='lat' dir='ltr'>nt</span> <span class='ocrx_word' id='word_1_159' title='bbox 294 2297 355 2374; x_wconf 75' lang='lat' dir='ltr'>sim)</span> <span class='ocrx_word' id='word_1_160' title='bbox 377 2300 527 2382; x_wconf 82' lang='lat' dir='ltr'>(Aeoiiee</span> <span class='ocrx_word' id='word_1_161' title='bbox 549 2326 609 2396; x_wconf 80' lang='lat' dir='ltr'>pro</span> <span class='ocrx_word' id='word_1_162' title='bbox 636 2300 696 2366; x_wconf 79' lang='grc' dir='ltr'>ἀπὸ</span> <span class='ocrx_word' id='word_1_163' title='bbox 719 2303 752 2386; x_wconf 66' lang='grc' dir='ltr'>ξ.</span> <span class='ocrx_word' id='word_1_164' title='bbox 777 2303 828 2380; x_wconf 88' lang='grc'><strong>12,</strong></span> <span class='ocrx_word' id='word_1_165' title='bbox 851 2302 892 2382; x_wconf 90' lang='grc'>7)</span> <span class='ocrx_word' id='word_1_166' title='bbox 914 2303 949 2372; x_wconf 90' lang='lat' dir='ltr'>in</span> <span class='ocrx_word' id='word_1_167' title='bbox 972 2301 1015 2367; x_wconf 78' lang='lat' dir='ltr'>cin</span> <span class='ocrx_word' id='word_1_168' title='bbox 1036 2302 1176 2388; x_wconf 70' lang='lat' dir='ltr'>euripos</span> <span class='ocrx_word' id='word_1_169' title='bbox 1194 2302 1238 2366; x_wconf 81' lang='lat' dir='ltr'>A.</span> <span class='ocrx_word' id='word_1_170' title='bbox 1263 2301 1327 2370; x_wconf 83' lang='lat'>1⁰0</span> 
     </span>
     <span class='ocr_line' id='line_1_20' title="bbox 236 2396 1325 2496; baseline 0.002 -28"><span class='ocrx_word' id='word_1_171' title='bbox 236 2397 295 2488; x_wconf 77' lang='lat' dir='ltr'>(ei.</span> <span class='ocrx_word' id='word_1_172' title='bbox 320 2400 477 2487; x_wconf 67' lang='grc' dir='ltr'>ἀππέμψει</span> <span class='ocrx_word' id='word_1_173' title='bbox 497 2401 561 2468; x_wconf 90' lang='lat' dir='ltr'>0d.</span> <span class='ocrx_word' id='word_1_174' title='bbox 587 2428 617 2485; x_wconf 91' lang='grc' dir='ltr'>ο,</span> <span class='ocrx_word' id='word_1_175' title='bbox 639 2403 708 2486; x_wconf 88' lang='grc'><strong>83),</strong></span> <span class='ocrx_word' id='word_1_176' title='bbox 730 2402 795 2468; x_wconf 71' lang='lat' dir='ltr'>sut</span> <span class='ocrx_word' id='word_1_177' title='bbox 817 2400 969 2491; x_wconf 80' lang='lat' dir='ltr'>(Aeetine</span> <span class='ocrx_word' id='word_1_178' title='bbox 989 2427 1050 2496; x_wconf 89' lang='lat' dir='ltr'>pro</span> <span class='ocrx_word' id='word_1_179' title='bbox 1071 2401 1131 2468; x_wconf 76' lang='grc' dir='ltr'>ὑπὸ</span> <span class='ocrx_word' id='word_1_180' title='bbox 1153 2396 1253 2490; x_wconf 73' lang='lat'><strong>§.12‚</strong></span> <span class='ocrx_word' id='word_1_181' title='bbox 1273 2404 1325 2492; x_wconf 90' lang='grc'><strong>2),</strong></span> 
     </span>
     <span class='ocr_line' id='line_1_21' title="bbox 234 2503 1326 2596; baseline 0.002 -27"><span class='ocrx_word' id='word_1_182' title='bbox 234 2503 264 2569; x_wconf 83' lang='lat' dir='ltr'>si</span> <span class='ocrx_word' id='word_1_183' title='bbox 285 2529 350 2595; x_wconf 87' lang='lat' dir='ltr'>qua</span> <span class='ocrx_word' id='word_1_184' title='bbox 378 2505 461 2572; x_wconf 83' lang='lat' dir='ltr'>iidee</span> <span class='ocrx_word' id='word_1_185' title='bbox 482 2518 533 2571; x_wconf 85' lang='lat' dir='ltr'>est</span> <span class='ocrx_word' id='word_1_186' title='bbox 553 2505 742 2572; x_wconf 76' lang='lat' dir='ltr'>Herodiano</span> <span class='ocrx_word' id='word_1_187' title='bbox 762 2505 906 2591; x_wconf 70' lang='grc' dir='ltr'>ὑββάλλα</span> <span class='ocrx_word' id='word_1_188' title='bbox 934 2505 1020 2596; x_wconf 89' lang='lat' dir='ltr'>apud</span> <span class='ocrx_word' id='word_1_189' title='bbox 1040 2505 1218 2570; x_wconf 85' lang='lat' dir='ltr'>Homerum</span> <span class='ocrx_word' id='word_1_190' title='bbox 1237 2503 1326 2572; x_wconf 81' lang='lat' dir='ltr'>Aee·</span> 
     </span>
     <span class='ocr_line' id='line_1_22' title="bbox 234 2605 1358 2700; baseline -0.003 -23"><span class='ocrx_word' id='word_1_191' title='bbox 234 2605 335 2677; x_wconf 88' lang='lat' dir='ltr'>lieum</span> <span class='ocrx_word' id='word_1_192' title='bbox 357 2605 484 2674; x_wconf 83' lang='lat' dir='ltr'>vocanti</span> <span class='ocrx_word' id='word_1_193' title='bbox 506 2631 558 2700; x_wconf 81' lang='lat' dir='ltr'>ep.</span> <span class='ocrx_word' id='word_1_194' title='bbox 583 2606 707 2674; x_wconf 87' lang='lat' dir='ltr'>Seholl.</span> <span class='ocrx_word' id='word_1_195' title='bbox 729 2608 775 2676; x_wconf 83' lang='grc' dir='ltr'>Α.</span> <span class='ocrx_word' id='word_1_196' title='bbox 798 2609 839 2676; x_wconf 93' lang='lat'>11.</span> <span class='ocrx_word' id='word_1_197' title='bbox 857 2637 884 2688; x_wconf 82' lang='grc' dir='ltr'>τ,</span> <span class='ocrx_word' id='word_1_198' title='bbox 907 2609 960 2678; x_wconf 89' lang='grc'>89.</span> <span class='ocrx_word' id='word_1_199' title='bbox 984 2610 1028 2674; x_wconf 81' lang='lat' dir='ltr'>ef.</span> <span class='ocrx_word' id='word_1_200' title='bbox 1052 2607 1146 2674; x_wconf 87' lang='lat' dir='ltr'>Eust.</span> <span class='ocrx_word' id='word_1_201' title='bbox 1172 2607 1266 2691; x_wconf 88' lang='grc'><strong>1172,</strong></span> <span class='ocrx_word' id='word_1_202' title='bbox 1282 2605 1327 2674; x_wconf 91' lang='grc'>69</span> <span class='ocrx_word' id='word_1_203' title='bbox 1355 2633 1358 2640; x_wconf 60' lang='grc'>“</span> 
     </span>
     <span class='ocr_line' id='line_1_23' title="bbox 235 2707 1326 2799; baseline 0.002 -25"><span class='ocrx_word' id='word_1_204' title='bbox 235 2717 268 2774; x_wconf 87' lang='lat' dir='ltr'>et</span> <span class='ocrx_word' id='word_1_205' title='bbox 287 2719 356 2774; x_wconf 87' lang='lat' dir='ltr'>not.</span> <span class='ocrx_word' id='word_1_206' title='bbox 380 2709 411 2776; x_wconf 91' lang='lat'>1.</span> <span class='ocrx_word' id='word_1_207' title='bbox 433 2749 475 2762; x_wconf 87' lang='lat'><em>-</em></span> <span class='ocrx_word' id='word_1_208' title='bbox 517 2711 719 2799; x_wconf 84' lang='lat' dir='ltr'>Apocnpen‚</span> <span class='ocrx_word' id='word_1_209' title='bbox 742 2709 771 2776; x_wconf 87' lang='lat' dir='ltr'>si</span> <span class='ocrx_word' id='word_1_210' title='bbox 792 2735 959 2799; x_wconf 85' lang='lat' dir='ltr'>compares</span> <span class='ocrx_word' id='word_1_211' title='bbox 983 2713 1093 2793; x_wconf 77' lang='grc' dir='ltr'><strong>προτὶ,</strong></span> <span class='ocrx_word' id='word_1_212' title='bbox 1116 2713 1204 2794; x_wconf 76' lang='grc' dir='ltr'><strong>ποτὶ,</strong></span> <span class='ocrx_word' id='word_1_213' title='bbox 1226 2707 1326 2776; x_wconf 82' lang='lat' dir='ltr'>etiem</span> 
     </span>
     <span class='ocr_line' id='line_1_24' title="bbox 234 2807 1327 2902; baseline 0.001 -24"><span class='ocrx_word' id='word_1_214' title='bbox 234 2807 271 2878; x_wconf 85' lang='lat' dir='ltr'>iu</span> <span class='ocrx_word' id='word_1_215' title='bbox 291 2807 372 2892; x_wconf 78' lang='grc' dir='ltr'><strong><em>πρὸς</em></strong></span> <span class='ocrx_word' id='word_1_216' title='bbox 392 2833 570 2898; x_wconf 75' lang='lat' dir='ltr'>agnoscere</span> <span class='ocrx_word' id='word_1_217' title='bbox 591 2811 682 2896; x_wconf 85' lang='lat' dir='ltr'>lieet,</span> <span class='ocrx_word' id='word_1_218' title='bbox 705 2835 788 2901; x_wconf 87' lang='lat' dir='ltr'>qnae</span> <span class='ocrx_word' id='word_1_219' title='bbox 808 2812 1063 2902; x_wconf 75' lang='lat' dir='ltr'>praepositionis</span> <span class='ocrx_word' id='word_1_220' title='bbox 1083 2809 1327 2902; x_wconf 74' lang='lat' dir='ltr'>formandique</span> 
     </span>
     <span class='ocr_line' id='line_1_25' title="bbox 233 2909 1383 3006; baseline 0.002 -28"><span class='ocrx_word' id='word_1_221' title='bbox 233 2909 357 3000; x_wconf 74' lang='lat' dir='ltr'>legitur</span> <span class='ocrx_word' id='word_1_222' title='bbox 376 2911 411 2976; x_wconf 89' lang='lat' dir='ltr'>in</span> <span class='ocrx_word' id='word_1_223' title='bbox 433 2911 538 2977; x_wconf 87' lang='lat' dir='ltr'>titulis</span> <span class='ocrx_word' id='word_1_224' title='bbox 559 2912 661 2978; x_wconf 83' lang='lat' dir='ltr'>Lesb.</span> <span class='ocrx_word' id='word_1_225' title='bbox 683 2913 786 2996; x_wconf 90' lang='grc'><strong>2166,</strong></span> <span class='ocrx_word' id='word_1_226' title='bbox 817 2913 979 2996; x_wconf 66' lang='lat' dir='ltr'>(iniusso,</span> <span class='ocrx_word' id='word_1_227' title='bbox 1002 2913 1249 3006; x_wconf 75' lang='lat' dir='ltr'>Lampsaceno,</span> <span class='ocrx_word' id='word_1_228' title='bbox 1276 2913 1324 2980; x_wconf 86' lang='lat' dir='ltr'>A.</span> <span class='ocrx_word' id='word_1_229' title='bbox 1379 2955 1383 2967; x_wconf 61' lang='grc' dir='ltr'>ι</span> 
     </span>
    </p>
   </div>
   <div class='ocr_carea' id='block_1_3' title="bbox 135 3011 1328 3102">
    <p class='ocr_par' dir='ltr' id='par_1_4' title="bbox 135 3011 1328 3102">
     <span class='ocr_line' id='line_1_26' title="bbox 135 3011 1328 3102; baseline 0.003 -22"><span class='ocrx_word' id='word_1_230' title='bbox 135 3038 140 3053; x_wconf 69' lang='grc'><em>“</em></span> <span class='ocrx_word' id='word_1_231' title='bbox 234 3011 537 3098; x_wconf 86' lang='grc'><strong>12.11,8.111,</strong></span> <span class='ocrx_word' id='word_1_232' title='bbox 571 3037 672 3102; x_wconf 85' lang='lat' dir='ltr'>qarum</span> <span class='ocrx_word' id='word_1_233' title='bbox 693 3014 891 3083; x_wconf 82' lang='lat' dir='ltr'>recentiores</span> <span class='ocrx_word' id='word_1_234' title='bbox 912 3015 1020 3082; x_wconf 79' lang='lat' dir='ltr'>critici</span> <span class='ocrx_word' id='word_1_235' title='bbox 1040 3026 1161 3084; x_wconf 84' lang='lat' dir='ltr'>temere</span> <span class='ocrx_word' id='word_1_236' title='bbox 1182 3015 1328 3084; x_wconf 76' lang='lat' dir='ltr'>subinde</span> 
     </span>
    </p>
   </div>
   <div class='ocr_carea' id='block_1_4' title="bbox 234 3114 1381 3924">
    <p class='ocr_par' dir='ltr' id='par_1_5' title="bbox 234 3114 869 3199">
     <span class='ocr_line' id='line_1_27' title="bbox 234 3114 869 3199; baseline 0.005 -19"><span class='ocrx_word' id='word_1_237' title='bbox 234 3118 324 3199; x_wconf 79' lang='lat' dir='ltr'>uperi</span> <span class='ocrx_word' id='word_1_238' title='bbox 344 3114 397 3181; x_wconf 84' lang='lat' dir='ltr'>vel</span> <span class='ocrx_word' id='word_1_239' title='bbox 417 3117 487 3180; x_wconf 81' lang='lat' dir='ltr'>neri</span> <span class='ocrx_word' id='word_1_240' title='bbox 506 3115 673 3182; x_wconf 82' lang='lat' dir='ltr'>intrudere</span> <span class='ocrx_word' id='word_1_241' title='bbox 693 3115 869 3185; x_wconf 87' lang='lat' dir='ltr'>volueriut.</span> 
     </span>
    </p>

    <p class='ocr_par' dir='ltr' id='par_1_6' title="bbox 234 3216 1381 3924">
     <span class='ocr_line' id='line_1_28' title="bbox 320 3216 1326 3308; baseline 0.006 -24"><span class='ocrx_word' id='word_1_242' title='bbox 320 3217 353 3297; x_wconf 87' lang='grc'>3)</span> <span class='ocrx_word' id='word_1_243' title='bbox 385 3219 467 3304; x_wconf 77' lang='grc' dir='ltr'><strong><em>Περὶ</em></strong></span> <span class='ocrx_word' id='word_1_244' title='bbox 493 3216 627 3305; x_wconf 83' lang='lat' dir='ltr'>plenem</span> <span class='ocrx_word' id='word_1_245' title='bbox 652 3217 774 3307; x_wconf 76' lang='lat' dir='ltr'>legitur</span> <span class='ocrx_word' id='word_1_246' title='bbox 800 3217 836 3283; x_wconf 91' lang='lat' dir='ltr'>in</span> <span class='ocrx_word' id='word_1_247' title='bbox 870 3218 972 3286; x_wconf 87' lang='lat' dir='ltr'>Lesb.</span> <span class='ocrx_word' id='word_1_248' title='bbox 994 3221 1079 3288; x_wconf 91' lang='grc'><strong>2166</strong></span> <span class='ocrx_word' id='word_1_249' title='bbox 1110 3216 1222 3308; x_wconf 83' lang='lat' dir='ltr'>(etiam</span> <span class='ocrx_word' id='word_1_250' title='bbox 1246 3230 1326 3290; x_wconf 81' lang='lat' dir='ltr'>ente</span> 
     </span>
     <span class='ocr_line' id='line_1_29' title="bbox 234 3317 1324 3412; baseline 0.003 -24"><span class='ocrx_word' id='word_1_251' title='bbox 234 3320 378 3390; x_wconf 74' lang='lat' dir='ltr'>venelone</span> <span class='ocrx_word' id='word_1_252' title='bbox 398 3319 423 3386; x_wconf 89' lang='lat'>1.</span> <span class='ocrx_word' id='word_1_253' title='bbox 446 3317 489 3386; x_wconf 86' lang='grc'><strong>26</strong></span> <span class='ocrx_word' id='word_1_254' title='bbox 509 3322 581 3406; x_wconf 70' lang='grc' dir='ltr'>περὶ</span> <span class='ocrx_word' id='word_1_255' title='bbox 601 3319 736 3408; x_wconf 79' lang='grc' dir='ltr'><strong>ὅρκων),</strong></span> <span class='ocrx_word' id='word_1_256' title='bbox 766 3319 899 3411; x_wconf 85' lang='lat' dir='ltr'>Lampe.</span> <span class='ocrx_word' id='word_1_257' title='bbox 922 3322 984 3406; x_wconf 89' lang='grc'>31,</span> <span class='ocrx_word' id='word_1_258' title='bbox 1011 3323 1088 3389; x_wconf 81' lang='lat' dir='ltr'>Ate.</span> <span class='ocrx_word' id='word_1_259' title='bbox 1109 3325 1169 3402; x_wconf 90' lang='grc'>29,</span> <span class='ocrx_word' id='word_1_260' title='bbox 1198 3322 1324 3412; x_wconf 82' lang='lat' dir='ltr'>Sepph.</span> 
     </span>
     <span class='ocr_line' id='line_1_30' title="bbox 236 3419 1327 3514; baseline 0.002 -24"><span class='ocrx_word' id='word_1_261' title='bbox 236 3424 253 3490; x_wconf 98' lang='lat'><strong>1</strong></span> <span class='ocrx_word' id='word_1_262' title='bbox 273 3445 305 3487; x_wconf 84' lang='lat' dir='ltr'>v.</span> <span class='ocrx_word' id='word_1_263' title='bbox 330 3421 390 3504; x_wconf 91' lang='grc'>19,</span> <span class='ocrx_word' id='word_1_264' title='bbox 424 3421 466 3488; x_wconf 77' lang='lat' dir='ltr'>fr.</span> <span class='ocrx_word' id='word_1_265' title='bbox 488 3419 542 3489; x_wconf 80' lang='grc'><strong>26.</strong></span> <span class='ocrx_word' id='word_1_266' title='bbox 564 3419 619 3490; x_wconf 84' lang='grc'><strong>26.</strong></span> <span class='ocrx_word' id='word_1_267' title='bbox 663 3420 772 3488; x_wconf 87' lang='lat' dir='ltr'>Elisio</span> <span class='ocrx_word' id='word_1_268' title='bbox 793 3447 811 3488; x_wconf 87' lang='lat' dir='ltr'>e</span> <span class='ocrx_word' id='word_1_269' title='bbox 835 3424 1052 3514; x_wconf 74' lang='lat' dir='ltr'>gremmntieie</span> <span class='ocrx_word' id='word_1_270' title='bbox 1073 3425 1209 3493; x_wconf 76' lang='lat' dir='ltr'>Aeolios</span> <span class='ocrx_word' id='word_1_271' title='bbox 1230 3448 1327 3494; x_wconf 84' lang='lat' dir='ltr'>voea-</span> 
     </span>
     <span class='ocr_line' id='line_1_31' title="bbox 235 3521 1326 3616; baseline 0.005 -26"><span class='ocrx_word' id='word_1_272' title='bbox 235 3533 289 3591; x_wconf 88' lang='lat' dir='ltr'>tur</span> <span class='ocrx_word' id='word_1_273' title='bbox 302 3527 350 3610; x_wconf 70' lang='grc'>2),</span> <span class='ocrx_word' id='word_1_274' title='bbox 372 3531 404 3588; x_wconf 87' lang='lat' dir='ltr'>et</span> <span class='ocrx_word' id='word_1_275' title='bbox 424 3521 546 3614; x_wconf 77' lang='lat' dir='ltr'>legitur</span> <span class='ocrx_word' id='word_1_276' title='bbox 564 3523 716 3608; x_wconf 63' lang='lat' dir='ltr'>nr&#39;ddoxoe</span> <span class='ocrx_word' id='word_1_277' title='bbox 737 3523 773 3590; x_wconf 93' lang='lat' dir='ltr'>S.</span> <span class='ocrx_word' id='word_1_278' title='bbox 797 3525 857 3609; x_wconf 89' lang='grc'>11,</span> <span class='ocrx_word' id='word_1_279' title='bbox 887 3525 975 3594; x_wconf 85' lang='lat' dir='ltr'>unde</span> <span class='ocrx_word' id='word_1_280' title='bbox 995 3527 1082 3616; x_wconf 82' lang='lat' dir='ltr'>spud</span> <span class='ocrx_word' id='word_1_281' title='bbox 1102 3527 1243 3594; x_wconf 84' lang='lat' dir='ltr'>Theoer.</span> <span class='ocrx_word' id='word_1_282' title='bbox 1265 3527 1326 3610; x_wconf 89' lang='grc'>29,</span> 
     </span>
     <span class='ocr_line' id='line_1_32' title="bbox 234 3623 1381 3720; baseline 0.007 -30"><span class='ocrx_word' id='word_1_283' title='bbox 234 3623 277 3690; x_wconf 84' lang='grc'><strong>25</strong></span> <span class='ocrx_word' id='word_1_284' title='bbox 308 3623 510 3694; x_wconf 77' lang='lat' dir='ltr'>restituimus</span> <span class='ocrx_word' id='word_1_285' title='bbox 538 3629 615 3710; x_wconf 68' lang='grc' dir='ltr'>πεῤῥ</span> <span class='ocrx_word' id='word_1_286' title='bbox 648 3623 756 3690; x_wconf 73' lang='lat' dir='ltr'>sinito</span> <span class='ocrx_word' id='word_1_287' title='bbox 784 3650 843 3716; x_wconf 91' lang='lat' dir='ltr'>pro</span> <span class='ocrx_word' id='word_1_288' title='bbox 873 3631 944 3710; x_wconf 75' lang='grc' dir='ltr'>περὶ</span> <span class='ocrx_word' id='word_1_289' title='bbox 975 3629 1103 3708; x_wconf 68' lang='lat' dir='ltr'>sunto,</span> <span class='ocrx_word' id='word_1_290' title='bbox 1137 3629 1172 3696; x_wconf 90' lang='lat' dir='ltr'>in</span> <span class='ocrx_word' id='word_1_291' title='bbox 1201 3627 1326 3720; x_wconf 82' lang='lat' dir='ltr'>quibus</span> <span class='ocrx_word' id='word_1_292' title='bbox 1376 3671 1381 3677; x_wconf 97' lang='lat'>-</span> 
     </span>
     <span class='ocr_line' id='line_1_33' title="bbox 236 3726 1324 3820; baseline 0.007 -30"><span class='ocrx_word' id='word_1_293' title='bbox 236 3747 302 3794; x_wconf 89' lang='lat' dir='ltr'>nou</span> <span class='ocrx_word' id='word_1_294' title='bbox 323 3749 398 3792; x_wconf 76' lang='lat' dir='ltr'>nere</span> <span class='ocrx_word' id='word_1_295' title='bbox 418 3726 515 3796; x_wconf 86' lang='lat' dir='ltr'>elisio</span> <span class='ocrx_word' id='word_1_296' title='bbox 535 3727 679 3794; x_wconf 76' lang='lat' dir='ltr'>cernitur</span> <span class='ocrx_word' id='word_1_297' title='bbox 705 3729 764 3794; x_wconf 86' lang='lat' dir='ltr'>sed</span> <span class='ocrx_word' id='word_1_298' title='bbox 788 3729 824 3812; x_wconf 66' lang='grc' dir='ltr'><em>ᾗῇ</em></span> <span class='ocrx_word' id='word_1_299' title='bbox 846 3751 906 3817; x_wconf 88' lang='lat' dir='ltr'>pro</span> <span class='ocrx_word' id='word_1_300' title='bbox 926 3729 963 3814; x_wconf 65' lang='grc' dir='ltr'><strong><em>ἷὶ</em></strong></span> <span class='ocrx_word' id='word_1_301' title='bbox 980 3731 1121 3820; x_wconf 87' lang='lat' dir='ltr'>positum</span> <span class='ocrx_word' id='word_1_302' title='bbox 1150 3741 1219 3812; x_wconf 85' lang='lat' dir='ltr'>eet,</span> <span class='ocrx_word' id='word_1_303' title='bbox 1252 3729 1324 3798; x_wconf 83' lang='lat' dir='ltr'>vid.</span> 
     </span>
     <span class='ocr_line' id='line_1_34' title="bbox 235 3819 1327 3924; baseline 0.004 -30"><span class='ocrx_word' id='word_1_304' title='bbox 235 3819 266 3914; x_wconf 56' lang='grc' dir='ltr'>ᾗ.</span> <span class='ocrx_word' id='word_1_305' title='bbox 296 3827 336 3910; x_wconf 90' lang='grc'>8,</span> <span class='ocrx_word' id='word_1_306' title='bbox 368 3827 401 3898; x_wconf 87' lang='grc'>6.</span> <span class='ocrx_word' id='word_1_307' title='bbox 462 3829 641 3922; x_wconf 77' lang='lat' dir='ltr'>Apoeopeu</span> <span class='ocrx_word' id='word_1_308' title='bbox 667 3827 788 3924; x_wconf 85' lang='lat' dir='ltr'>patitur</span> <span class='ocrx_word' id='word_1_309' title='bbox 815 3831 851 3897; x_wconf 88' lang='lat' dir='ltr'>in</span> <span class='ocrx_word' id='word_1_310' title='bbox 872 3835 1013 3914; x_wconf 70' lang='lat' dir='ltr'>nepesin</span> <span class='ocrx_word' id='word_1_311' title='bbox 1034 3834 1080 3902; x_wconf 82' lang='lat' dir='ltr'>A.</span> <span class='ocrx_word' id='word_1_312' title='bbox 1102 3833 1164 3916; x_wconf 85' lang='grc'>29,</span> <span class='ocrx_word' id='word_1_313' title='bbox 1195 3833 1270 3898; x_wconf 78' lang='lat' dir='ltr'>uisu</span> <span class='ocrx_word' id='word_1_314' title='bbox 1290 3852 1327 3898; x_wconf 80' lang='lat' dir='ltr'>ta</span> 
     </span>
    </p>
   </div>
   <div class='ocr_carea' id='block_1_5' title="bbox 238 3975 524 3988">
    <p class='ocr_par' dir='ltr' id='par_1_7' title="bbox 238 3975 524 3988">
     <span class='ocr_line' id='line_1_35' title="bbox 238 3975 524 3988; baseline 0 -2"><span class='ocrx_word' id='word_1_315' title='bbox 238 3975 504 3988; x_wconf 45' lang='lat' dir='ltr'>*fano-*n-</span> <span class='ocrx_word' id='word_1_316' title='bbox 516 3976 524 3986; x_wconf 73' lang='grc' dir='ltr'>α</span> 
     </span>
    </p>
   </div>
   <div class='ocr_carea' id='block_1_6' title="bbox 235 4073 1326 4316">
    <p class='ocr_par' dir='ltr' id='par_1_8' title="bbox 235 4073 1326 4316">
     <span class='ocr_line' id='line_1_36' title="bbox 268 4073 1326 4158; baseline 0.007 -27"><span class='ocrx_word' id='word_1_317' title='bbox 268 4077 298 4142; x_wconf 78' lang='grc'><strong>2)</strong></span> <span class='ocrx_word' id='word_1_318' title='bbox 331 4073 437 4134; x_wconf 83' lang='lat' dir='ltr'>Schott.</span> <span class='ocrx_word' id='word_1_319' title='bbox 461 4081 668 4146; x_wconf 81' lang='grc' dir='ltr'><strong>Α.11.ο,667</strong></span> <span class='ocrx_word' id='word_1_320' title='bbox 693 4083 728 4138; x_wconf 85' lang='lat' dir='ltr'>ad</span> <span class='ocrx_word' id='word_1_321' title='bbox 760 4081 909 4154; x_wconf 64' lang='lat' dir='ltr'>dzeripmds</span> <span class='ocrx_word' id='word_1_322' title='bbox 934 4103 987 4158; x_wconf 72' lang='lat' dir='ltr'>nep</span> <span class='ocrx_word' id='word_1_323' title='bbox 1013 4087 1136 4152; x_wconf 62' lang='grc' dir='ltr'>ἑταῖρον</span> <span class='ocrx_word' id='word_1_324' title='bbox 1168 4079 1326 4142; x_wconf 63' lang='lat' dir='ltr'>&#39;nutem</span> 
     </span>
     <span class='ocr_line' id='line_1_37' title="bbox 235 4157 1325 4306; baseline -0.002 -80"><span class='ocrx_word' id='word_1_325' title='bbox 235 4157 381 4304; x_wconf 47' lang='lat' dir='ltr'>mit-*¹¹34</span> <span class='ocrx_word' id='word_1_326' title='bbox 384 4165 498 4306; x_wconf 52' lang='lat' dir='ltr'>:⁰51⁵st</span> <span class='ocrx_word' id='word_1_327' title='bbox 523 4165 575 4235; x_wconf 69' lang='grc' dir='ltr'>τήν</span> <span class='ocrx_word' id='word_1_328' title='bbox 600 4178 663 4240; x_wconf 69' lang='grc' dir='ltr'>περὶ</span> <span class='ocrx_word' id='word_1_329' title='bbox 679 4169 746 4242; x_wconf 68' lang='grc' dir='ltr'>παρ’</span> <span class='ocrx_word' id='word_1_330' title='bbox 768 4166 915 4244; x_wconf 65' lang='grc' dir='ltr'><strong>εἰρῆσθαι,</strong></span> <span class='ocrx_word' id='word_1_331' title='bbox 938 4177 973 4229; x_wconf 84' lang='lat' dir='ltr'>et.</span> <span class='ocrx_word' id='word_1_332' title='bbox 1000 4169 1105 4229; x_wconf 77' lang='lat' dir='ltr'>Senon</span> <span class='ocrx_word' id='word_1_333' title='bbox 1124 4172 1157 4226; x_wconf 72' lang='lat' dir='ltr'>ts</span> <span class='ocrx_word' id='word_1_334' title='bbox 1181 4169 1233 4238; x_wconf 80' lang='lat'>1..;</span> <span class='ocrx_word' id='word_1_335' title='bbox 1256 4169 1325 4224; x_wconf 80' lang='lat' dir='ltr'>itere</span> 
     </span>
     <span class='ocr_line' id='line_1_38' title="bbox 306 4287 473 4316; baseline 0.006 -12"><span class='ocrx_word' id='word_1_336' title='bbox 306 4289 313 4304; x_wconf 94' lang='lat'><strong>.</strong></span> <span class='ocrx_word' id='word_1_337' title='bbox 405 4287 414 4316; x_wconf 89' lang='grc'>,</span> <span class='ocrx_word' id='word_1_338' title='bbox 466 4291 473 4308; x_wconf 92' lang='grc'><strong>.</strong></span> 
     </span>
    </p>
   </div>
   <div class='ocr_carea' id='block_1_7' title="bbox 0 0 1396 4768">
    <p class='ocr_par' dir='ltr' id='par_1_9' title="bbox 0 0 1396 4768">
     <span class='ocr_line' id='line_1_39' title="bbox 0 0 1396 4768; baseline 0 0"><span class='ocrx_word' id='word_1_339' title='bbox 0 0 1396 4768; x_wconf 95' lang='lat' dir='ltr'> </span> 
     </span>
    </p>
   </div>
  </div>
 </body>
</html>
