2862 4770
327 355 445 448 §db
489 361 546 432 De
567 357 807 434 declinatione
825 363 1002 436 anomale.
1138 365 1215 442 245
1289 427 1291 435 .

118 561 250 628 dieitur.
306 563 420 652 ltaque
449 563 614 653 antiquam
638 573 671 628 et
693 563 867 653 genuinam
891 565 1048 635 Doridem
1074 573 1214 638 Ποιῐδάο

115 665 369 754 pronuntiasse,
404 677 439 730 ut
466 669 577 732 δἰὀοτι
608 689 667 756 pro
695 666 829 742 lonico,
864 667 975 735 Attico
997 681 1030 736 et
1052 671 1214 740 Lesbiaco

115 768 236 843 εἴκοσι,
261 767 304 832 cl.
329 767 361 850 ξ
377 769 439 842 22,
463 768 502 852 3,
525 779 649 836 eertum
673 767 829 836 babemus
852 793 913 838 uec
933 771 1120 860 dubitamus
1136 775 1213 842 Pin·

117 868 198 936 abac
218 869 413 959 optimorum
447 869 606 936 librorum
634 870 808 938 lectionem
834 877 1010 952 Ποτῖδιῖιος
1032 875 1211 944 restituere.
1283 876 1301 913 ““

116 969 236 1062 Neque
267 969 401 1038 omnino
434 971 579 1038 secunda
610 973 713 1038 forma
746 973 902 1039 Ποτειδδν
937 977 1015 1042 eatis
1047 977 1213 1046 luculente

116 1074 309 1140 auctoritate
336 1075 556 1140 coulirueatur.
612 1075 723 1142 Facile
745 1074 832 1142 euim
854 1076 1111 1164 existimaveris,
1146 1083 1214 1147 lle-

114 1175 289 1244 redianum
311 1201 344 1238 u.
368 1204 402 1256 μ.
425 1185 474 1254 l.,
499 1177 555 1266 qui
580 1177 652 1242 irin
673 1179 690 1240 i
712 1179 830 1242 mutari
852 1179 974 1246 docens
997 1182 1079 1246 nibil
1102 1182 1143 1247 de
1165 1183 1212 1248 di·

114 1280 287 1368 pbtbongo
317 1289 437 1345 mutata
466 1279 587 1361 tradit,
621 1279 728 1344 arione
750 1292 899 1345 accurate
928 1281 1072 1348 locutum
1100 1295 1133 1350 et
1160 1309 1211 1350 co-

115 1381 204 1446 dicis
232 1381 391 1448 lectiones
415 1381 577 1448 Ποσειδὰν
605 1393 702 1472 atque
732 1382 766 1446 iu
796 1382 977 1474 fragmento
998 1385 1212 1474 Epicharmo

117 1485 316 1558 Ποσειδᾶνος
346 1507 364 1549 e
389 1483 529 1550 Ποτιδάν
557 1496 589 1549 et
620 1485 817 1568 Ποτιδᾶνος,
862 1509 929 1552 uon
957 1509 976 1552 e
1000 1487 1153 1553 Hoeasdo'w
1181 1499 1213 1554 et

119 1588 312 1660 Ποτειδᾶνος
333 1596 483 1674 corrupta
505 1607 591 1650 esse.
636 1585 709 1652 Jan
731 1598 832 1654 restat
846 1588 927 1654 mira
950 1589 1126 1656 accusativi
1148 1590 1212 1656 lor·

116 1711 170 1754 rua
192 1690 330 1756 Horesdci
351 1688 498 1754 Acbaru.
521 1687 604 1770 764,
638 1711 734 1778 quana
765 1691 989 1756 elleosedaieo
1018 1699 1124 1756 natam
1152 1715 1211 1781 pu·

116 1801 187 1858 taut
209 1803 244 1856 ut
267 1793 415 1856 Ποσειδῶ
443 1813 462 1856 e
486 1792 684 1854 Ποσειδῶνα.
743 1792 790 1856 At
817 1801 854 1857 ut
881 1793 962 1858 baec
989 1815 1133 1882 apocope
1159 1794 1212 1861 vel

116 1893 228 1982 potius
256 1890 455 1972 contractio,
488 1915 554 1982 qua
582 1893 788 1960 accusativus
811 1893 844 1958 iu
868 1919 893 1958 u
915 1893 1029 1960 exiens
1050 1895 1211 1985 gignitur,

116 1995 232 2064 multis
252 1994 413 2085 analogiis
436 1996 556 2076 utitur,
593 1995 634 2060 ito
663 1995 721 2062 illa
744 1995 922 2085 singularis
944 2007 995 2062 eet
1015 2007 1112 2086 atquc
1135 1997 1211 2064 soli·

113 2098 209 2164 teria.
254 2097 371 2187 ltaque¹
390 2121 429 2164 eo
451 2097 669 2179 inclinamus,
693 2109 730 2162 ut
749 2097 893 2164 Aldinae
914 2097 1089 2165 lectionem
1110 2103 1211 2165 nocel-

114 2203 175 2266 δον
204 2200 353 2292 proxime
381 2200 420 2266 ad
449 2223 561 2269 verum
591 2199 745 2268 accedere
768 2211 801 2266 et
821 2226 840 2264 ν
861 2212 994 2290 propter
1014 2201 1118 2268 Attici
1143 2209 1211 2267 Πο-

115 2305 212 2370 οιιδοῖ
233 2303 417 2392 analogiam
439 2302 473 2368 in
496 2301 662 2393 plerisque
684 2303 781 2368 libris
802 2303 963 2390 abjectum
992 2327 1087 2386 cess,
1120 2303 1210 2372 deni·

114 2430 182 2498 que
215 2417 250 2470 ut
281 2417 428 2495 quartam
459 2406 616 2486 l'ormam,
661 2405 757 2491 cujus
788 2405 993 2472 accusativus
1021 2405 1056 2470 in
1086 2433 1103 2468 ν
1129 2405 1210 2486 exit,

117 2510 258 2574 Ποτιδᾶν
279 2507 514 2574 restituendam
538 2529 610 2571 esee
632 2517 794 2594 putemne.
846 2505 1001 2592 Πότιιδαν
1023 2505 1057 2571 in
1080 2505 1212 2572 ilbodio

113 2611 204 2678 dicto
227 2633 339 2700 parum
364 2609 566 2674 auctoritatis
589 2607 696 2672 babet.
742 2607 793 2673 Ne
808 2607 969 2672 Ποσειδᾶν
991 2606 1121 2696 quidem
1139 2607 1211 2672 sine

114 2712 320 2779 dubitatione
350 2709 511 2802 genuinae
533 2709 653 2776 Doridi
676 2710 839 2798 assignari
862 2719 975 2798 potest.
1027 2707 1109 2774 Nam
1132 2709 1210 2773 Pin·

115 2817 214 2881 darus
236 2839 305 2910 eane
331 2815 465 2880 formam
496 2837 513 2878 e
536 2811 695 2878 Lesbiaca
718 2812 856 2878 dialecto
890 2811 1049 2877 asciscere
1071 2821 1207 2903 poterat,

114 2933 148 2985 et
170 2918 368 3000 Posidonia,
392 2941 488 3008 quarn
512 2914 647 2980 Solinus
669 2939 698 2980 c.
723 2915 744 2980 2
765 2940 782 2980 a
805 2913 1026 2980 Doriensibns
1048 2913 1208 2980 conditam

115 3023 217 3104 dicit,
253 3020 432 3086 sesnandum
456 3017 633 3106 Scymnum
657 3017 777 3084 Cbiurn
806 3041 837 3082 v.
861 3015 924 3082 245
956 3028 989 3082 et
1016 3015 1209 3082 Strabonem

114 3127 147 3190 V
171 3151 200 3214 p.
219 3123 282 3192 ³84
302 3123 413 3212 potins
434 3119 657 3209 Sybaritarum
680 3120 886 3186 Achaeorum
909 3119 1144 3194 colonium,
1168 3119 1209 3183 dc
1298 3161 1301 3178 .

114 3251 254 3319 qnorum
278 3225 417 3290 dialecto
438 3247 550 3311 parum
574 3233 711 3286 constet.
766 3220 880 3310 Neque
905 3219 1084 3286 Herodisui
1117 3219 1208 3286 testi-

114 3329 223 3396 rnonia
253 3327 488 3392 dubitationem
522 3349 585 3390 nou
616 3323 810 3408 admittunt3
855 3347 928 3388 narn
962 3324 994 3386 in
1026 3321 1110 3386 libro
1140 3327 1209 3404 περι·

113 3459 185 3514 μοι.
210 3437 291 3506 tri„
328 3429 384 3494 nbi
412 3427 571 3492 Ποσιιδάι
595 3426 714 3492 Doridi
736 3437 768 3491 ct
790 3426 923 3491 Aeolidi
946 3423 1045 3490 tribui
1067 3423 1207 3508 videtur,

114 3534 273 3602 Doricum
300 3529 438 3598 ΙΙοιιδάν
462 3529 624 3596 excidisse
647 3529 776 3596 videtur
794 3541 848 3592 aut
869 3527 909 3592 ab
931 3525 1004 3614 ipso
1026 3525 1207 3608 omissum

115 3639 151 3703 iu
174 3639 265 3701 Anu.
291 3635 376 3700 0xx.
401 3633 513 3698 ultima
544 3633 587 3696 ita
610 3629 854 3721 transponendo
876 3629 1017 3696 sananda
1040 3639 1140 3710 snut,
1174 3639 1208 3692 ut

111 3737 260 3805 Ποτιδὰν
289 3736 440 3813 ὀξυτόνως
470 3733 630 3799 Doricum
657 3735 804 3814 dicatur,
843 3733 1000 3798 Ποσείδιον
1030 3730 1208 3812 δοριπόνοις

114 3837 312 3920 Aeolicum,
345 3861 444 3930 quare
467 3835 563 3902 ctiam
586 3835 782 3901 antecedens
807 3833 966 3898 Hocrsdcis
988 3833 1021 3897 in
1050 3831 1208 3922 euspicio·

113 3967 190 4009 nem
213 3941 307 4008 cadit.
354 3939 469 4004 Restat
492 3949 526 4002 ut
547 3938 587 4003 de
609 3950 744 4004 accentu
768 3937 926 4002 dicemus.
976 3935 1113 4002 Ποτιδάν
1135 3939 1208 4010 (ricc

115 4045 226 4134 miuus
251 4041 406 4110 Horesdciv
427 4053 459 4106 et
484 4039 659 4118 Ilocasdde,
690 4039 718 4106 ei
742 4065 777 4105 ea
801 4065 877 4106 vere
899 4037 1019 4104 Dorica
1044 4033 1135 4120 eunt)
1159 4061 1207 4102 sc·

114 4145 259 4216 cundum
275 4143 557 4234 grammaticorum
579 4154 748 4233 praccepta
771 4155 803 4208 et
824 4141 1022 4232 reliquorum
1041 4139 1207 4206 noanianun

116 4251 153 4318 iu
177 4277 235 4326 νιν,
271 4249 359 4339 quod
381 4273 422 4314 ex
444 4271 508 4312 oue
528 4255 728 4312 cenosa-tum
751 4257 819 4330 cet,
855 4242 1038 4334 analogiam
1070 4241 1151 4320 (vid.
1174 4251 1206 4318 ξ.
