2742 4794
220 355 246 434 o
418 357 476 438 De
501 353 653 438 &alecto
678 351 835 428 Aeolum
860 337 1097 426 Asianorum.

221 561 362 646 Aeoles,
392 571 537 628 auctores
563 559 681 627 babere
702 557 859 625 Alcaeum
880 565 913 620 et
932 553 1083 646 Sappho,
1120 573 1218 646 supra
1239 580 1320 623 mo-

222 663 362 730 nuimus.
427 661 521 730 Unus
549 659 739 726 Heraclides
775 655 876 722 semel
907 655 1085 723 accuratius
1113 655 1321 724 Lesbiorum

156 809 161 820 ,
223 764 393 832 dialectum
415 761 585 852 distinguit
599 763 644 843 ¹).
695 757 777 825 lude
798 767 830 822 et
849 755 934 847 ipsi,
962 755 1020 822 ubi
1040 757 1168 824 nullum
1189 757 1322 824 erroris

223 875 274 932 est
293 863 485 955 perieulum,
507 885 602 954 saepe
619 861 774 928 Aeolicus
796 857 925 924 dialecti
945 880 1063 924 nomen
1083 859 1322 946 retinebimus,

223 967 281 1032 ubi
302 966 480 1032 accuratius
502 965 652 1048 distincto
674 985 755 1054 opus
776 971 844 1044 cst,
872 957 926 1026 vel
946 957 1089 1024 Asianos
1109 959 1229 1026 Aeoles
1252 985 1324 1028 no·

222 1065 435 1152 minabimns,
463 1068 517 1135 vcl
537 1064 701 1132 brevitatis
723 1060 829 1128 studio
850 1059 1043 1126 Lcsbiacam
1064 1061 1235 1127 dialectum
1255 1087 1326 1130 vo-

223 1161 380 1253 cabimus,
402 1193 421 1233 a
442 1193 504 1258 qua
526 1163 719 1234 continentia
739 1163 863 1230 incolas
883 1185 949 1227 non
969 1163 1105 1228 multum
1124 1161 1324 1248 recessisse,

224 1293 363 1336 marmor
385 1268 559 1334 Cumaemn
581 1267 684 1332 docet.
708 1299 751 1314 -·
800 1263 950 1328 Ceterum
971 1263 1011 1329 de
1031 1263 1325 1352 grammaticorum

223 1371 409 1438 auctoritate
431 1370 495 1436 alio
523 1381 667 1458 tempore
688 1365 855 1454 agendum¹
869 1375 929 1429 est.
984 1364 1082 1432 Nunc
1105 1365 1222 1431 sufficit
1242 1390 1326 1434 mo-

222 1495 320 1556 nere,
354 1472 493 1563 plurima
521 1479 554 1534 et
584 1466 704 1558 optima
730 1463 841 1532 deberi
861 1465 1053 1534 Heraclidae
1073 1467 1325 1556 Alexandrino,

223 1573 317 1662 cujus
346 1573 431 1638 haud
450 1594 550 1663 pauca
570 1568 708 1635 servavit
727 1567 936 1647 Eustochiae,
966 1567 1145 1658 Apollonio
1166 1566 1327 1656 Dyscolo

224 1685 257 1740 et
278 1672 484 1758 Herodiano,
507 1672 603 1759 liujus
624 1669 713 1754 filio,
736 1669 821 1734 unde
843 1669 949 1735 omnia
970 1671 1039 1735 lere
1060 1693 1118 1735 sua
1138 1671 1329 1740 hauserunt

224 1774 472 1862 Theoguostus,
503 1772 747 1838 Gboeroboscus
768 1781 800 1835 et
821 1771 1058 1860 Etymologica.
1122 1769 1239 1861 Neque
1269 1785 1327 1842 ta·

213 1887 298 1940 'men
320 1877 380 1941 bos
401 1873 507 1941 omnia
528 1871 646 1939 erroris
668 1871 828 1940 immunes
849 1895 940 1957 esse,
973 1883 1118 1938 accurata
1144 1873 1329 1964 inquisitio

139 2005 158 2046 ·,
223 1977 363 2042 docebit.
419 1973 626 2042 Grammatici
655 1975 695 2040 de
717 1973 883 2057 dialectis,
914 1971 1077 2056 Joannes,
1110 1973 1166 2064 qni
1195 1976 1326 2065 fertem,

223 2077 428 2167 Pbiloponus
449 2077 517 2144 sive
537 2076 793 2158 Grammaticus,
815 2075 1024 2143 Grammatici
1045 2075 1116 2165 (qui
1137 2075 1216 2142 editi
1239 2095 1330 2149 sunt

222 2188 298 2269 post
311 2177 503 2266 Gregorium
519 2178 738 2260 Corinthium)
754 2177 938 2255 Leidensis,
962 2177 1186 2265 Augustanus,
1207 2177 1330 2248 Moer-

221 2279 435 2362 mannianus,
473 2279 671 2366 Vaticanus,
713 2277 830 2344 deinde
868 2277 1031 2368 Exeerpta
1061 2277 1331 2352 Birnbaumiana

221 2391 297 2471 post
317 2379 579 2468 Etymologicum
608 2379 811 2464 Gudianum,
840 2379 979 2469 denique
1001 2379 1178 2467 Gregorius
1199 2379 1331 2451 Coriu-

221 2481 310 2548 tbius
332 2506 373 2548 ex
393 2482 505 2549 eodem
526 2484 616 2548 fonte
638 2507 695 2550 sua
714 2481 919 2566 derivarunt,
941 2479 1007 2546 nisi
1029 2481 1116 2570 quod
1138 2481 1190 2547 bic
1212 2507 1331 2572 panea

222 2582 354 2649 aliunde
375 2587 487 2651 bansta
509 2583 651 2670 addidit,
684 2593 737 2670 et,
761 2607 944 2674 quamnam
965 2605 1061 2672 saepe
1082 2581 1127 2648 ita
1147 2594 1225 2648 sunt
1246 2609 1333 2656 cor·-

222 2683 331 2772 rupti,
367 2696 403 2751 nt
430 2685 514 2750 nihil
541 2685 619 2749 inde
640 2685 711 2750 sani
733 2685 809 2752 cliei
836 2685 960 2775 possit,
999 2694 1106 2748 tamen
1126 2683 1228 2751 multa
1250 2711 1332 2758 non

222 2785 457 2849 contemnenda
479 2783 518 2848 de
541 2783 676 2850 Aeolica
698 2785 835 2850 dialecto
855 2785 996 2850 tradunt.
1018 2823 1062 2838 -

305 2885 340 2965 2)
386 2883 573 2951 Certissima
606 2885 782 2950 Lesbiacae
820 2883 971 2968 dialecti,
1014 2883 1120 2974 qualis
1159 2886 1238 2954 inde
1281 2893 1332 2962 ab

222 2984 412 3054 Alexandro
438 2981 487 3050 M.
519 2996 607 3069 erat,
650 2984 793 3072 cognitio
820 2985 945 3076 eapitur
970 3009 1010 3051 ex
1046 2986 1333 3078 inscriptionibus

221 3085 413 3171 Lesbiacis,
435 3085 523 3176 quod
541 3086 635 3186 valde
658 3085 853 3170 dolendum,
876 3087 954 3153 satis
975 3087 1100 3180 paucis.
1145 3081 1332 3181 Proprium

221 3188 419 3258 Lesbiorum
441 3187 613 3254 dialectum
633 3197 816 3254 tenentur.
839 3189 943 3274 2166,
965 3188 1145 3258 Alexandri
1165 3191 1213 3258 Μ.
1238 3205 1333 3265 tem.

222 3313 303 3380 pore
324 3288 447 3373 incisa,
479 3313 561 3380 quae
584 3312 766 3380 quanquam
786 3291 891 3357 lacera
911 3303 1016 3358 umen
1038 3291 1155 3358 summi
1174 3305 1224 3359 eat
1244 3321 1332 3387 pre.

221 3390 280 3474 tii,
314 3413 365 3454 nr.
387 3389 473 3459 2167
493 3391 588 3459 valde
609 3391 715 3458 lacera
737 3401 770 3457 et
789 3393 979 3460 recentioris
1000 3393 1132 3474 aetatis,
1164 3407 1201 3461 ut
1222 3398 1333 3472 doeet

220 3493 253 3556 Ξῖ
282 3513 342 3582 pro
368 3491 442 3556 iin
471 3493 646 3572 natricem,
679 3491 798 3559 deinde
826 3519 876 3560 nr.
899 3495 1122 3563 2172—2190
1150 3495 1332 3573 breviores

223 3604 256 3658 ct
276 3591 496 3660 Romanorum
517 3593 747 3685 imperatorum
767 3605 911 3687 tempore
932 3598 1084 3688 scriptae,
1107 3597 1164 3662 sed
1185 3613 1334 3691 propter

223 3695 395 3764 dialectum
416 3694 580 3786 antiquam
600 3695 730 3762 fidelius
753 3707 930 3780 servatam,
962 3720 1058 3786 quam
1079 3697 1153 3772 aliis
1181 3697 1217 3764 in
1240 3701 1332 3771 civi·

220 3794 342 3861 tatibus
363 3799 424 3863 boc
446 3808 589 3888 tempore
610 3796 682 3864 lieri
703 3797 805 3877 solet,
834 3821 901 3865 non
922 3797 1149 3888 negligendae.
1212 3803 1331 3874 Acce.

221 3893 272 3960 dit
299 3895 461 3966 deemmm
490 3899 722 3982 Cumaeorum,
738 3899 840 3992 ‘quod
868 3899 988 3989 legitur
1015 3901 1051 3968 in
1084 3901 1239 3985 (Captus)
1259 3909 1331 3976 Re.

180 4141 182 4149 ’
257 4130 284 4198 1)
320 4129 397 4187 Euat
417 4137 499 4201 1613,
518 4135 552 4188 22
576 4149 613 4186 ex
631 4131 793 4189 Heraclei
816 4132 957 4208 yticapu
979 4141 1025 4191 cat
1046 4130 1083 4192 ra*
1101 4129 1185 4192 lomi
1202 4133 1330 4201 Airita&

224 4209 290 4272 iata
307 4213 357 4288 τῆς
374 4221 503 4290 Λεσβίων
519 4220 625 4288 ἔχονται
641 4217 788 4278 διαλέκτου.
