2814 4760
366 357 401 452 §-
426 356 488 436 48.
540 347 606 432 De
621 354 771 431 initiorc
789 355 938 432 Doride.
1121 356 1198 436 1th

1 575 7 636 l
46 549 57 568 ¹
112 569 219 639 Unam
242 567 485 659 suspicionem,
508 589 593 657 quae
613 563 819 632 mediocriter
834 563 964 655 placere
977 566 1097 654 possit,
1121 589 1199 634 eou-

2 699 4 734 ι
109 683 159 737 tra
180 669 312 764 concipi
333 691 430 761 posse
458 686 651 737 censemusr
675 665 774 732 illam
795 655 932 733 Doridis
954 655 1097 759 speeiem
1120 669 1198 737 olim

1 779 4 838 l

1 905 5 944 ι

109 773 254 840 aelorum
275 773 468 839 Aetolorum
485 769 602 836 ¹luisse
629 781 662 836 et
681 781 794 858 postea
815 767 966 836 Aetolici*
980 763 1200 837 foederis-au·

108 872 259 940 ctutime
279 897 340 963 per
358 873 484 940 vicinas
499 871 653 963 regiones
666 881 895 961 propagetur,
917 871 1014 938 sienti
1032 871 1201 960 vulgarem

2 1011 3 1020 ι
45 1021 49 1030 -
107 974 266 1042 Doridem
295 975 434 1042 Acbaici
470 975 613 1042 foederis
643 972 864 1040 dominatione
888 996 948 1063 per
975 973 1201 1063 Peloponnesi

107 1078 247 1169 populus
269 1077 490 1144 circumlatam
511 1098 585 1144 esse
604 1075 834 1142 indicavimus.
879 1075 1029 1168 Delphos
1043 1067 1130 1143 certe
1151 1099 1201 1143 re·

108 1181 271 1246 eeutiorm
291 1179 476 1247 Aetolicum
497 1180 646 1272 lingnam
668 1179 841 1269 adoptasse
867 1202 945 1246 mox
967 1178 1202 1246 demonstrabi-

109 1305 195 1348 mus.
241 1281 307 1349 Sed
328 1284 444 1348 borum
466 1281 635 1372 antiquior
656 1303 787 1372 quoqne
808 1281 968 1349 dialectus
985 1281 1027 1348 ad
1039 1281 1201 1348 mitiorem

111 1371 293 1450 dialectum¹
322 1385 476 1474 pertinet.
544 1383 761 1450 Accumtiora
792 1383 921 1450 docebit
951 1382 1202 1473 inscriptionum

111 1509 285 1576 earumque
306 1487 447 1552 sortasse
469 1485 689 1578 antiquiorum
711 1486 801 1573 larga
823 1485 935 1575 eopia,
958 1507 1055 1574 quam
1070 1485 1203 1552 morin

110 1585 182 1655 illia
201 1587 395 1679 regionibus
408 1589 578 1684 ¹detectum
603 1589 645 1654 iri
667 1611 846 1684 speramus.
892 1577 1046 1654 Ceterum
1068 1589 1104 1654 iu
1125 1589 1204 1654 titu-

110 1691 154 1758 lis
174 1691 327 1760 Locricis
357 1713 435 1758 casu
469 1691 732 1781 septentrionalis
761 1689 898 1758 Doridis
914 1689 1108 1781 proprietas
1137 1713 1203 1756 uon

109 1805 260 1884 apparet,
283 1815 391 1884 neque
410 1806 519 1860 tamen
542 1793 648 1882 magis
671 1793 862 1884 quidquam,
885 1791 973 1882 qnod
987 1816 1056 1858 eam
1073 1791 1204 1858 dialecti

111 1897 255 1986 speeiem
276 1895 413 1985 agnosci
433 1905 530 1961 vetet.
573 1896 799 1962 Acarnanicos
820 1895 953 1978 titulos,
981 1917 1117 1986 quorum
1139 1893 1203 1960 lin·

113 2021 178 2087 ιιι
207 2019 309 2088 aeque
337 1997 426 2063 inter
457 1999 626 2088 vulgarem
661 2008 693 2064 et
722 1997 1011 2089 septentrionalem
1043 1995 1205 2066 Doridem

111 2100 212 2168 dubia
234 2111 302 2185 est,
334 2099 414 2168 olim
436 2097 514 2166 buin
535 2099 791 2190 adscripsimus,
824 2123 912 2165 nunc
932 2109 1067 2190 propter
1087 2097 1204 2164 Corin-

110 2203 253 2270 thiarum
273 2203 475 2270 coloniarum
496 2203 539 2268 in·
553 2225 590 2270 ea
611 2204 748 2291 regione
768 2213 961 2296 potestatem
982 2200 1025 2267 ad
1045 2201 1135 2269 illam
1152 2223 1203 2267 re·
1255 2254 1261 2267 ι

110 2307 199 2372 lerre
218 2305 406 2372 maluimus.

198 2408 233 2488 5)
275 2406 494 2496 Delpbica'
515 2406 676 2474 dialectus
703 2406 869 2498 antiquior
896 2407 1138 2474 memorabilem
1168 2407 1204 2472 in

112 2511 246 2580 modum
278 2533 297 2574 a
330 2507 578 2598 septentrionali
617 2509 742 2574 Doride
781 2509 935 2576 distincta
969 2519 1030 2574 est.
1096 2509 1203 2593 Quae,

114 2637 216 2704 quum
238 2609 481 2679 uetustissimus
501 2609 617 2676 titulus
640 2609 814 2676 Crissaens
836 2610 874 2677 C.
897 2611 924 2676 1.
949 2633 1000 2675 nr.
1027 2612 1055 2710 1.
1070 2621 1104 2676 et
1125 2609 1205 2677 Del-

114 2715 231 2807 plaicus
253 2737 305 2779 ur.
319 2711 362 2782 25
383 2711 466 2778 nibil
488 2711 627 2778 babeant
637 2713 788 2801 autiquae
804 2711 924 2779 Doridi
939 2732 1005 2778 uon
1021 2735 1204 2795 commune,

116 2841 158 2884 ex
175 2841 242 2886 nno
264 2813 475 2905 cognoscitur
496 2813 625 2880 decreto
645 2813 912 2904 Ampbictiouino
934 2839 985 2880 ur.
1008 2813 1091 2882 1688
1123 2813 1203 2894 (vid.

115 2919 306 3011 Append.),
339 2917 429 3008 quod
451 2916 507 2982 Ol.
532 2916 655 3001 100,1
686 2916 926 3006 scriptumest.
980 2915 1096 3007 Neque
1117 2917 1206 2982 enirn

115 3021 265 3088 dubitem
286 3020 384 3105 licet,
407 3019 488 3111 quin
511 3017 672 3086 dialectus
687 3018 847 3109 Delphica
870 3018 932 3106 sit,
956 3044 1056 3109 quum
1071 3019 1112 3084 de
1127 3019 1207 3085 Del·

115 3125 286 3216 plricarnm
316 3123 457 3190 maxime
495 3145 603 3187 rerum
639 3121 918 3188 administratione
953 3133 1067 3211 agatur
1097 3145 1206 3211 neque

115 3227 207 3292 ullus
228 3225 313 3292 alius
332 3225 475 3316 populns
495 3247 571 3290 cum
592 3222 700 3313 aliqua
720 3223 789 3290 veri
810 3226 920 3315 specie
941 3223 1118 3312 excogitari
1132 3247 1206 3312 poa·

119 3327 183 3411 sit,
206 3327 302 3413 cujus
322 3327 436 3418 lingua
456 3325 706 3416 Ampbietiones
729 3351 765 3392 ea
786 3337 890 3393 aetate
912 3325 966 3392 usi
989 3325 1066 3392 sint.

203 3425 278 3496 Jaua
298 3453 376 3496 vero
404 3429 526 3496 decreti
553 3417 784 3495 diateems'an'
802 3428 1086 3520 septentrionalem
1109 3425 1208 3494 Dori·

120 3529 195 3596 dena
225 3553 265 3597 eo
293 3529 450 3620 pertinet,
483 3532 572 3620 quod
597 3533 629 3596 is
649 3553 709 3622 pro
730 3533 774 3606 εἰς
794 3541 971 3622 usurpator
990 3541 1025 3596 et
1042 3529 1130 3619 qnod
1151 3553 1208 3596 ιι·

119 3633 241 3700 calium
262 3655 295 3698 so
323 3641 355 3696 et
381 3655 421 3696 ιιι
452 3634 672 3700 contractione
701 3633 893 3700 abstinetur.
951 3632 1072 3699 Contra
1102 3631 1209 3698 dili'ert

117 3743 335 3802 camenarum
367 3733 564 3822 syllabarum
598 3735 802 3826 surreptione
835 3735 965 3814 eadem,
1007 3757 1089 3825 quae
1120 3735 1207 3826 apud
1235 3750 1238 3773 ¹

117 3837 309 3918 Tberaeos,
332 3833 442 3921 Cous,
464 3836 641 3928 plerosque
661 3837 858 3922 Cretenses,
890 3835 1075 3926 Cyrenaeus
1097 3839 1208 3906 obser·
1281 3886 1294 3900 .

117 3951 215 4008 ratur
239 3937 309 4006 vid.
333 3941 366 4022 fi.
388 3939 442 4006 21.
495 3937 627 4006 Tertiae
655 3939 885 4006 declinationis
915 3940 1041 4008 dativus
1069 3939 1207 4030 pluralis

119 4043 155 4109 in
177 4063 248 4107 ausa
268 4039 407 4125 desiuit,
429 4063 496 4106 nou
518 4041 554 4107 in
576 4067 643 4120 oar,
676 4055 708 4110 et
727 4041 822 4107 tertia
843 4041 982 4132 pluralis
1002 4042 1207 4132 imperativu-

120 4163 192 4209 rnm
213 4143 325 4210 Attico
346 4165 456 4226 more,
478 4167 545 4234 qno
568 4144 664 4212 etiam
686 4141 860 4212 Cretenses
881 4155 914 4211 et
934 4144 1077 4212 Theraei
1098 4153 1150 4226 et,
1171 4141 1208 4206 in

121 4243 302 4334 subjective
322 4245 475 4336 quidem,
498 4245 622 4314 ntottt
643 4258 799 4331 utuntur,
827 4245 864 4313 in
885 4273 965 4312 ιτωι
986 4257 1019 4312 et
1040 4253 1145 4329 ιθωι,
1173 4251 1210 4309 nt

608 4465 632 4522 b
