2862 4770
365 355 397 457 §ss
421 369 480 446 26.
533 371 590 445 De
615 386 768 447 rostro
793 378 999 452 contractis.
1154 381 1229 462 21³

141 569 271 637 tabulae
293 569 532 640 Heracleenses
561 574 673 642 eadem
704 576 828 645 ratione
858 604 874 644 o
904 579 1077 666 exhibent,
1118 597 1152 652 ut
1182 589 1227 652 οἰ-

140 671 229 740 oo'm
250 671 287 756 l,
312 674 392 758 1⁰2,
415 676 612 758 δοκιμαξόοσο
633 675 670 760 1,
693 678 752 762 711,
776 679 954 765 ἔργαξόντᾱι
972 683 1010 764 1,
1031 683 1094 767 fit,
1118 686 1228 752 ἐσσόο-

117 800 190 840 -ταο
210 777 248 856 1,
271 773 314 842 64
332 789 393 842 ete.
419 779 583 868 multaque
605 779 737 848 similla.
784 779 876 864 Quae
897 785 1003 872 primo
1025 785 1139 852 obtutu
1162 813 1225 856 non

137 875 244 966 magis
272 879 525 946 contractionem
555 904 650 970 passa
680 905 752 948 esse
780 883 932 950 vitientur
957 899 1062 976 quam·
1081 890 1226 978 vulgaria

140 981 281 1057 οἴσουσι,
315 979 448 1048 ἔσονται.
504 983 550 1048 At
572 983 601 1048 si
622 985 771 1052 conferas
792 997 973 1054 ooutrrotas
995 989 1114 1056 formas
1135 993 1226 1076 ἐργο-

138 1085 248 1158 ξῆτοο,
271 1082 401 1160 ἐσσῆται
422 1083 507 1172 apud
525 1085 657 1152 eosdem
672 1083 930 1171 Heracleenses,
952 1087 1070 1156 deindo
1081 1094 1226 1162 omnium

136 1183 351 1250 Doriensium
373 1184 408 1250 in
431 1185 551 1254 tuturis
569 1189 799 1256 contrahendis
816 1191 1043 1276 constantiam,
1062 1205 1227 1282 postremo

138 1285 269 1352 Cretica
290 1285 367 1365 illa,
401 1286 436 1352 iu
459 1288 581 1377 quibus
611 1315 629 1354 o
650 1289 871 1358 contractione
893 1293 1030 1381 quadam
1053 1319 1093 1360 ex
1114 1320 1146 1362 ro
1167 1323 1226 1363 na-

134 1398 205 1454 tum
234 1411 307 1456 esse
335 1399 481 1474 constat,
514 1414 581 1458 non
604 1391 769 1458 dubitabis
790 1392 871 1481 quin
893 1393 989 1460 etiam
1011 1396 1064 1462 hie
1086 1397 1226 1468 similem

134 1489 297 1578 originem
325 1501 412 1557 reete
443 1495 675 1582 agnoverimus
707 1505 740 1558 et
759 1507 895 1572 accentu
917 1497 1223 1586 significaverimus.

136 1590 324 1660 Obscurum
345 1605 395 1660 est
416 1595 573 1684 exemplis
595 1594 846 1680 definientibus,
879 1621 958 1664 num
987 1600 1071 1664 forto
1092 1601 1149 1666 alii
1172 1629 1224 1669 eo·

135 1717 228 1778 rum,
260 1695 318 1785 qui
340 1695 502 1763 severiore
522 1697 648 1764 Doride
680 1697 734 1764 usi
762 1709 857 1783 suut,
892 1699 927 1764 in
949 1701 1069 1766 tuturis
1091 1702 1224 1770 eandem

134 1799 292 1864 rationem
315 1797 428 1864 sectati
450 1798 527 1864 sint.
579 1797 652 1866 lloe
674 1810 797 1866 eertum
819 1811 891 1886 est,
924 1803 1104 1882 ἑσσοῦνται,
1135 1805 1224 1894 quod

134 1898 260 1989 legitur
278 1899 312 1964 in
336 1899 570 1990 Spartanorum
592 1901 722 1968 decreto
744 1900 897 1991 Thucyd.
914 1903 960 1988 V,
978 1905 1037 1989 77,
1061 1930 1128 1972 non
1151 1931 1224 1976 esso

133 2001 357 2088 Laconicum,
394 2013 502 2068 utrum
525 2005 682 2068 ἐσσίοοταο
703 2027 744 2070 an
766 2003 912 2070 isodorus
933 2006 1089 2096 seriptum
1111 2010 1222 2096 tuerit,

132 2127 200 2172 non
228 2105 384 2172 audemus
415 2105 582 2170 affirmare.
637 2105 874 2172 Heracleenses
901 2119 1007 2174 tamen
1036 2122 1068 2175 et
1089 2111 1224 2180 omniuo

131 2207 281 2274 ltaliotae
310 2205 407 2272 etiam
435 2207 608 2274 infinitivis
637 2207 670 2274 iu
701 2232 731 2271 ru
760 2208 957 2276 exeuntibus
992 2207 1074 2296 (vid.
1108 2218 1140 2296 §.
1163 2213 1223 2300 21)

131 2309 270 2399 propius
303 2331 403 2398 quam·
430 2307 579 2378 Lacones
607 2309 648 2378 ad
679 2309 841 2376 Creticam
871 2312 1100 2400 proprietatem
1131 2339 1221 2382 aere-

132 2410 225 2478 (lunt.

216 2512 389 2580 Postremo
411 2513 629 2580 Tarentinum
654 2515 734 2595 ἰμοῖς
762 2539 824 2606 pro
851 2517 941 2596 ἐμοῦ,
975 2517 1064 2606 quod
1084 2519 1221 2606 Apollo·

130 2614 209 2682 nius
230 2639 249 2681 e
273 2614 464 2684 Rhintlrone
484 2618 577 2682 all‘ert
596 2615 661 2680 vid.
680 2616 712 2700 ξ.
726 2617 782 2700 32,
803 2619 844 2694 2,
868 2619 978 2684 eadem
1000 2619 1221 2688 contractione

130 2741 172 2784 ea
193 2719 281 2798 ἰμέος
300 2719 421 2784 laetum
442 2729 531 2801 est,-
556 2741 593 2782 ea
622 2728 729 2784 umen
758 2717 890 2808 regula,
934 2743 1030 2809 quam
1061 2745 1156 2810 supra
1180 2709 1235 2790 tle'

131 2817 272 2884 Creticis
294 2819 399 2886 titulis
418 2819 669 2910 proposuimus,
702 2821 887 2912 paullulum
913 2823 1013 2888 laesa.
1067 2823 1144 2890 Non
1165 2823 1220 2892 arl-

128 2933 333 3004 versaretur,
366 2923 395 2988 si
422 2946 496 2988 oum
518 2921 685 2991 Boeelrlaio
717 2923 961 3008 docuissemus,
996 2923 1031 2990 id
1052 2925 1140 3016 quod
1161 2951 1221 3016 per

131 3023 262 3090 Cretica
283 3025 430 3115 exempla
450 3023 591 3107 licebat,
622 3051 639 3090 o
662 3049 734 3091 esse
756 3049 816 3115 pro
838 3051 870 3094 ro
897 3037 972 3093 ante
1001 3027 1082 3094 duas
1104 3051 1219 3098 conso·

130 3149 190 3193 nae
212 3137 399 3215 sequentes.
451 3125 518 3194 Sed
540 3127 713 3196 maluimus
736 3129 941 3218 praeripere,
978 3129 1067 3219 qnorl
1087 3153 1218 3220 praeee-

128 3227 259 3318 pimus,
291 3240 424 3319 propter
445 3229 518 3316 ejus
539 3227 626 3319 legis
647 3229 853 3318 analogiam,
887 3256 983 3321 quana
1001 3231 1130 3298 tabulae
1154 3233 1218 3300 lle·

93 3399 95 3404 ,
127 3331 313 3398 raeleensea
343 3330 378 3397 in
405 3333 511 3421 primo
543 3331 774 3410 eontraetiouis
801 3357 921 3422 genere
953 3333 1130 3424 diligenter
1161 3335 1218 3402 ob·

128 3443 270 3502 servant.
313 3432 353 3498 ln
383 3434 611 3523 pronominum
642 3434 863 3525 personalium
889 3434 1034 3522 genitivo
1056 3435 1217 3526 singulari

129 3557 289 3602 summam
310 3534 477 3602 licentiam
498 3536 658 3603 dominari
679 3537 765 3602 intra
786 3535 982 3604 videbimus.

213 3637 248 3716 3)
278 3635 331 3704 De
352 3637 446 3703 tertia
470 3638 702 3706 contractionis
723 3637 867 3722 ratione,
890 3662 953 3728 qua
975 3661 1008 3704 ro
1029 3637 1065 3703 in
1086 3663 1119 3704 eu
1140 3663 1217 3708 eou-

126 3738 331 3827 juuguntnr‚
357 3761 454 3827 saepe
474 3739 676 3827 grammatici
697 3751 859 3808 testantur
880 3751 915 3806 ut
935 3739 1058 3806 Dorica
1072 3743 1112 3824 3).
1145 3742 1217 3810 llle·

127 3841 228 3908 liores
249 3853 355 3906 tamen
378 3841 485 3908 fontes
507 3841 644 3926 docent,
673 3865 714 3909 ne
735 3843 818 3908 lraue
840 3843 972 3932 quidem
994 3844 1082 3934 apud
1104 3868 1216 3912 omnes

127 3942 310 4012 Dorienses
331 3967 435 4034 aeque
457 3944 618 4029 valuisse,
648 3944 706 4012 sed
728 3945 763 4009 in
784 3945 892 4012 verbis
913 3945 977 4012 soli
999 3945 1163 4036 Calymnii
1184 3959 1217 4015 et

321 4088 383 4098 ...-

161 4179 191 4245 3)
226 4178 272 4232 Es
290 4177 328 4232 Μ.
348 4182 414 4248 189,
431 4181 466 4236 36
488 4211 517 4221 -
537 4183 587 4250 51,
606 4185 639 4238 ll
660 4215 688 4227 -
710 4184 777 4249 682,
794 4185 841 4248 ³⁰,
862 4183 906 4238 Et.
927 4183 962 4240 G.
982 4185 1084 4250 ²22st
1105 4213 1135 4224 -
1154 4184 1215 4250 113,

127 4265 178 4330 27,
196 4265 269 4320 Anu.
290 4266 364 4320 Oxx.
382 4265 411 4336 1,
430 4269 499 4335 215,
517 4269 552 4325 29
570 4277 621 4325 etc.
