2778 4748
421 328 479 406 Ad
501 328 662 406 Librum
690 329 870 408 Primum.
1029 341 1033 348 '
1113 333 1188 416 tat

510 531 776 602 Ancaeus.

189 635 252 702 Fr.
276 637 296 704 3
322 635 389 726 lep.
412 633 625 717 uotepddoaoc
646 635 713 702 eid.
740 636 781 702 L.
804 637 851 704 11.
874 639 983 724 §.19,
1005 639 1037 706 5.
1083 641 1183 712 Gens.

85 735 248 804 Darmst.
271 735 400 804 restitui
418 735 516 822 jubet
534 735 695 822 Kopoirpc
715 748 753 802 nt
772 741 995 826 Κυπρογένηα,
1018 745 1184 827 Κυθέρησ,

87 859 288 929 quanquam
315 838 370 907 vix
396 837 568 930 probabile
596 851 647 906 eat
673 838 932 906 terminationem
953 865 1002 906 εισ
1024 842 1146 934 ubique
1167 869 1187 911 a

87 939 237 1007 Lesbiis
265 939 301 1004 in
324 966 367 1018 ησ
387 949 540 1006 mutatm
561 963 646 1008 esse.
712 939 768 1008 An
798 944 920 1026 γλυκεῖα
947 939 1069 1034 Sapph.
1092 947 1134 1013 18
1153 959 1188 1014 et

90 1041 225 1108 similia
245 1041 362 1108 mutari
382 1042 497 1110 roieti
539 1044 583 1110 ct'.
601 1043 644 1108 L.
656 1041 700 1107 ll.
724 1042 829 1126 Μ),
842 1044 874 1111 9.
918 1043 1005 1110 Ηιιίσ
1025 1047 1185 1134 fragmen·

88 1154 131 1210 to
152 1143 224 1230 jana
245 1143 433 1211 adhaesisse
455 1145 660 1234 suspicamur
679 1146 722 1211 fr.
747 1143 811 1228 55,
844 1143 932 1236 qnod
953 1145 989 1212 in
1010 1147 1096 1216 hunc
1117 1171 1185 1218 nao-

89 1245 178 1312 dum
200 1246 364 1337 corrigere
385 1245 563 1314 audemuse

246 1347 270 1426 ἦ
291 1373 347 1414 ποι
370 1345 440 1431 σύγ’
464 1345 587 1433 eiadpoio
607 1349 772 1432 δυσμενέων
796 1347 936 1439 πρότσν,

249 1446 378 1532 πόλισμ’
400 1449 599 1546 ε’πιπνεύσισσ
623 1452 733 1534 [φίλων
752 1453 839 1535 νέων]

16 1620 17 1628 ,
88 1573 144 1620 ec.
170 1555 216 1630 εἰς
237 1551 337 1636 ptime
356 1551 478 1636 πρέπεις
497 1553 552 1620 vei
573 1553 683 1620 simle
701 1555 793 1644 qnid.

181 1654 299 1722 lta-o.
334 1653 569 1738 Peccavimus,
592 1679 693 1746 quum
714 1655 749 1722 in
770 1655 859 1724 Mus.
884 1657 994 1726 Rben.
1012 1658 1184 1728 Alcaicum

85 1767 235 1824 metrum
250 1755 380 1822 restitui
400 1779 499 1848 posse
514 1757 711 1847 putavimus.
757 1757 837 1826 Sine
851 1761 1087 1833 mutationibus
1101 1761 1184 1830 alica

13 1928 15 1942 ,
85 1883 212 1928 versus
235 1882 300 1926 nou
323 1857 438 1925 elicies
459 1868 684 1950 praeterquam
704 1862 938 1950 hpmeuaieon,
960 1863 1080 1953 quitus
1102 1863 1185 1954 Sap-

85 1965 237 2054 phouem
259 1983 352 2058 paam
372 1958 496 2028 seimus
515 1961 582 2028 vid.
606 1961 699 2030 Neue
720 1988 754 2054 p.
777 1964 839 2031 172

642 2065 721 2130 oinos
742 2065 826 2130 θέσιν

488 2165 601 2252 μηδέν’
620 2166 799 2250 Ὀλυμπίων

490 2273 583 2336 λῦσαι
603 2267 678 2353 drap
699 2269 812 2334 Mer.
923 2315 928 2332 .

179 2369 241 2434 Fr.
265 2369 317 2436 1⁰.
364 2369 499 2436 Initium
519 2394 609 2438 nunc
635 2371 801 2458 legimnae
847 2370 1012 2452 oimos'enpt
1032 2373 1093 2434 τοῖν
1114 2367 1184 2436 ἄνι’-

9 2527 10 2550 ,
87 2498 158 2557 μων
181 2469 298 2536 στάσιν.
350 2468 481 2536 Deinde
504 2469 778 2538 Schneidewinns
800 2470 960 2538 dubitavit
983 2493 1025 2536 an
1048 2471 1120 2536 sinc
1140 2471 1184 2538 li-

89 2576 229 2642 brorum
251 2593 313 2663 ope
333 2593 400 2636 uon
422 2583 511 2638 recte
534 2573 570 2638 ὃν
591 2570 627 2638 τὸ
647 2572 764 2654 μέσσον
790 2595 850 2662 pro
879 2573 916 2636 ἂν
935 2599 963 2638 ν.
986 2599 1019 2656 μ.
1044 2571 1183 2662 scripse·

86 2679 218 2760 rimus,
262 2683 401 2740 mutatae
422 2675 509 2740 eninr
529 2671 654 2741 vocalia
683 2673 774 2742 untia
802 2671 867 2740 alia
895 2673 1043 2763 exempla
1072 2684 1181 2742 extare

88 2778 160 2846 nisi
186 2774 481 2865 incompositione
507 2787 540 2842 et
561 2776 599 2840 ἄν
622 2775 745 2866 triplici
772 2773 963 2840 anctoritate
984 2775 1180 2842 confirmari.

87 2880 161 2948 Noa
189 2877 226 2945 id
255 2877 359 2945 secuti
386 2899 522 2962 sumus,
561 2877 650 2969 quod
676 2899 791 2944 omnes
821 2877 1101 2969 praepositiones,
1140 2899 1182 2944 ex

86 2981 314 3072 antiquiorum
335 2990 422 3046 certe
440 2979 639 3047 Graecorum
660 2980 911 3072 orthographia,
941 2993 1031 3046 extra
1052 3003 1181 3071 compo·

87 3085 242 3152 sitionesn
263 3082 387 3174 ubique
409 3084 544 3150 eandem
564 3083 701 3148 formam
722 3093 856 3148 tuentur
876 3105 973 3172 quam
995 3082 1032 3148 in
1050 3105 1180 3172 compo·

89 3186 222 3254 sitione.
284 3184 390 3268 Quam
416 3209 493 3252 vero
516 3209 612 3276 saepe
635 3184 763 3251 librarii
783 3186 818 3250 in
841 3185 1012 3252 Aeolicam
1033 3183 1179 3276 proprie·

87 3299 186 3356 tatem
216 3287 415 3370 saevierint,
450 3288 619 3378 intelliges
640 3285 742 3369 inde,
775 3285 864 3376 quod
887 3284 1009 3376 Suppli.
1033 3289 1072 3370 1,
1096 3287 1115 3352 3
1137 3310 1179 3352 ex

88 3390 240 3456 omuibus
260 3387 417 3476 Dionysii
437 3389 560 3474 libris,
583 3413 671 3456 uuna
691 3387 942 3479 antiquissimus
963 3387 1177 3472 parisiensis,

89 3515 187 3582 quem
208 3513 297 3556 nnnc
317 3489 591 3560 Schneidewinns
612 3489 776 3572 contulit,
815 3487 930 3554 daturos
951 3489 1106 3581 praebet,
1137 3513 1178 3558 ex

89 3592 241 3659 omnibus
264 3591 519 3683 Hephaestionis
547 3615 612 3660 nna
631 3590 842 3659 annebiana
873 3593 992 3658 σκίσισι
1019 3613 1079 3682 pro
1106 3590 1177 3658 vnl-

91 3693 163 3784 μή
185 3692 313 3764 ἀνίαισι.
334 3733 377 3746 -
439 3693 502 3762 Vs.
527 3697 548 3762 7
572 3695 637 3785 leg.
661 3694 795 3770 ζάδσλον
815 3715 834 3758 e
856 3691 1102 3760 Schneidewini
1123 3717 1176 3760 sn·

90 3794 236 3886 spiciouo
257 3796 326 3864 vid.
350 3797 393 3862 L.
416 3796 460 3864 11.
482 3799 515 3881 §-
535 3797 596 3880 19,
617 3797 639 3866 6
660 3821 688 3862 s.
707 3821 741 3864 v.
765 3795 921 3878 dots'opuo.
944 3831 987 3842 -
1030 3793 1118 3862 Casu
1139 3795 1175 3862 in

88 3900 153 3966 tine
174 3897 295 3967 excidit
314 3899 446 3967 initium
470 3899 638 3990 sequentis
659 3899 830 3989 stropiraee
866 3895 1006 3964 Χόλσισι
1026 3897 1058 3960 δ’
1081 3897 1175 3981 ἄγνυ-

90 4027 153 4088 pos.

170 4103 233 4170 Fr.
251 4105 303 4170 11.
332 4103 517 4170 Prodamus
538 4125 629 4170 nnnc
651 4097 794 4170 Seidieri
814 4101 1073 4170 emendationem
1095 4102 1175 4184 ἐμβᾷ

91 4203 167 4284 (nisi
200 4205 289 4296 qnod
319 4205 481 4274 Lesbiaco
508 4229 599 4274 more
627 4207 708 4290 ἰμβᾶ
736 4201 928 4290 scribimus)
960 4202 1025 4270 sid.
1060 4203 1101 4270 L.
1126 4203 1169 4269 11.
