2834 4762
202 339 279 416 200
472 361 479 372 ·
528 338 586 414 De
610 335 762 416 dialecto
787 323 968 419 Boeotios.

205 547 288 616 Nam
310 547 451 638 primum
467 543 647 610 Thessalos
668 543 689 620 ἦ
710 552 834 610 mutare
855 541 890 608 in
911 552 958 622 ΐι,
983 543 1042 610 sed
1062 541 1203 608 retinere
1223 553 1245 606 ῦ
1263 551 1299 610 et

206 659 261 736 ᾶῖ,
291 650 358 716 nisi
386 646 475 737 qnod
504 646 604 712 semel
634 651 668 710 et
695 644 851 732 seriptum
881 645 1078 736 reperiatur,
1111 643 1298 726 ¹videbimus

204 753 291 819 iulra
319 746 349 840 §.
374 751 433 835 5⁰3
469 748 588 816 deinde
617 756 653 812 ὄῡ
680 770 739 836 pro
767 754 803 824 ῦ,
842 747 929 836 quod
951 746 1140 813 Laconibus
1169 745 1205 812 in
1233 769 1295 811 usu

204 853 311 920 luisse
341 850 567 942 Hesychianee
593 837 733 914 inanime
760 847 888 935 glossae
918 848 1053 932 docent,
1094 871 1162 913 non
1193 847 1297 914 luisse

93 950 96 962 ¹
205 954 402 1046 antiquioris
430 951 544 1022 aetatis
574 975 615 1016 cx
635 949 806 1015 Alemonis
836 949 988 1039 reliquiis
1011 959 1043 1014 et
1064 947 1298 1037 Aristophanis

204 1055 386 1145 Lysistrata
422 1053 578 1141 colligere
612 1052 708 1138 licet,
746 1051 804 1118 ubi
841 1051 969 1120 nullum
987 1051 1078 1138 'ejus
1118 1051 1299 1141 scripturae

202 1156 378 1247 vestigium
398 1165 541 1250 apparet.

289 1259 336 1324 At
367 1281 494 1324 omnem
530 1265 674 1322 nostram
703 1252 742 1319 tle
783 1253 996 1321 mutationum
1034 1251 1163 1319 illarum
1194 1263 1297 1322 aetate

204 1371 302 1452 atque
329 1359 458 1450 origine
480 1356 730 1448 disputationem
754 1353 918 1424 Corinnae
947 1355 1087 1422 earmina
1116 1367 1297 1446 pervertere

203 1462 377 1546 videntur,
408 1461 443 1528 in
466 1459 586 1550 quibus
608 1463 645 1524 δῦ
664 1481 723 1546 pro
745 1461 781 1540 ῦ,
811 1469 912 1546 ἣρω
936 1468 989 1540 ut,
1011 1460 1026 1519 ἲ
1047 1481 1106 1549 pro
1126 1467 1157 1522 ῑῐ
1178 1455 1298 1546 scripta
1411 1491 1412 1494 ¹

204 1564 308 1632 luisse
339 1561 530 1629 certissimis
563 1559 771 1652 antiquorum
794 1559 1074 1648 grammaticorum
1102 1559 1297 1626 testimoniis

205 1676 238 1731 ct
265 1663 424 1755 exemplis
453 1662 598 1728 «locetur.
650 1661 719 1728 vix
746 1671 853 1726 tamen
883 1661 1017 1728 dubium
1040 1661 1184 1756 videtur,
1214 1659 1295 1752 quin

124 1765 127 1770 ’
204 1766 377 1834 Boeotieae
397 1766 542 1856 poe'triae
563 1763 706 1830 canuina
727 1787 746 1829 a
766 1762 901 1828 Boeotis
927 1763 1133 1852 potissimum
1153 1763 1297 1830 lectitata

204 1880 236 1932 et
266 1866 429 1956 descripta
454 1865 561 1932 varias
591 1865 768 1956 scripturae
798 1863 971 1930 Boeoticae
1001 1865 1196 1932 mutationes
1229 1884 1296 1930 non

204 1968 378 2058 effugerint
409 1979 441 2034 ct
468 1968 509 2033 ael
529 1966 774 2034 Alexandrinos
803 1966 934 2033 criticos
964 1991 999 2034 ea
1029 1967 1153 2032 ratione
1178 1967 1298 2057 scripta

202 2067 432 2162 pervenerint,
474 2077 539 2158 qut
567 2069 683 2137 Boeoti
712 2067 809 2134 tertio
843 2069 911 2136 fere
944 2067 1075 2135 saeculo
1111 2069 1295 2135 utebantur.

203 2171 299 2240 Adeo
328 2163 442 2260 siqua
469 2171 552 2236 forte
580 2169 789 2260 antiquiora,
813 2193 839 2236 a
859 2169 988 2256 vulgari
1016 2169 1132 2260 lingua
1160 2194 1226 2236 non
1249 2170 1299 2236 dt-

203 2295 298 2340 versa
318 2268 433 2335 relicta
454 2279 583 2354 essent,
619 2271 750 2336 criticos
771 2270 806 2336 it
834 2271 965 2360 egisse,
988 2282 1024 2337 ut
1053 2272 1296 2363 proprietatem,

204 2397 301 2464 quam
333 2371 564 2460 opinarentur,
596 2372 783 2440 Boeotieam
812 2373 1042 2459 restituerent,
1075 2373 1154 2440 satis
1181 2373 1299 2464 proba·

202 2476 271 2542 bile
293 2485 354 2542 est.
400 2472 540 2564 Singula
560 2475 731 2562 nonnulla,
755 2485 792 2540 ut
811 2478 900 2550 τεοῦς
920 2497 979 2565 pro
999 2477 1085 2550 τιοῦς
1107 2469 1153 2563 (ᾗ.
1168 2477 1223 2561 38,
1244 2474 1295 2566 2),

182 2577 301 2670 'facile
322 2575 464 2666 relinqui
487 2587 647 2667 poterant.
692 2575 768 2644 Non
790 2577 972 2661 eredimus,
1004 2576 1038 2642 ὄΐ
1057 2563 1298 2670 diplrtb0ngum

203 2680 349 2747 relictam
370 2701 474 2760 esse,
498 2679 557 2744 ubi
577 2679 721 2746 Boeotos
742 2679 941 2746 recentiores
962 2695 1033 2744 eam
1062 2690 1206 2746 muusse
1227 2705 1297 2748 eer-

203 2793 272 2846 tum
294 2790 355 2844 est.
422 2777 554 2868 Quippe
582 2791 705 2846 norunt
731 2781 815 2845 bane
835 2779 1044 2845 mutationem
1066 2780 1163 2860 etiam
1188 2805 1298 2872 gram.

204 2879 336 2962 roatici,
367 2876 427 2968 qui
448 2903 577 2944 ornnem
597 2881 666 2946 lere
687 2881 862 2948 Bocotieae
883 2881 1013 2947 dialecti
1035 2883 1255 2974 cognitionem
1277 2911 1297 2954 e

118 2979 122 2988 “
205 2981 369 3048 Corinnae
390 2979 611 3061 carminibus,
634 2981 855 3070 antiquiorum
876 3007 953 3050 eura
974 2985 1139 3071 recensis,
1166 2987 1297 3057 baurire

202 3082 364 3148 videntur.
425 3081 529 3160 litlem
551 3092 575 3164 ῷ
594 3082 681 3171 apud
702 3083 843 3152 Boeotos
865 3087 900 3152 iu
914 3091 955 3152 ’ὄῖ
974 3089 1115 3154 transire
1136 3091 1296 3178 referunt,

203 3181 289 3250 nibil
310 3191 445 3250 monent
465 3181 552 3265 deq?
578 3181 614 3247 in
642 3195 817 3252 emutato.
884 3185 980 3254 Unde
1007 3188 1117 3278 aliqua
1151 3191 1297 3279 suspicio

203 3285 306 3354 oritur
331 3283 423 3350 illam
450 3282 643 3374 scripturam
673 3285 710 3351 in
733 3285 896 3357 Corinnae
916 3289 1115 3356 earminibus
1136 3303 1297 3382 repertam

203 3413 296 3474 esse,
331 3385 470 3470 deinde,
503 3387 636 3454 alteram
666 3389 877 3458 mutationem
899 3391 1052 3458 omuibus
1084 3393 1222 3483 reliquis
1246 3419 1297 3462 re-

204 3491 380 3557 contionem
401 3511 494 3572 esse,
517 3487 638 3578 quippe
659 3487 742 3581 quae
763 3505 876 3580 postca
897 3493 1091 3580 invaluerit,
1114 3521 1210 3588 qaam
1232 3497 1296 3567 Co.

204 3594 318 3661 riunte
340 3590 518 3659 carminum
540 3593 768 3684 orthographia
789 3593 964 3662 constituta
985 3606 1084 3664 esset.

687 3829 719 3926 a.
753 3837 807 3904 e.

289 3973 350 4024 lte
367 3973 556 4027 vocarint·
578 3973 825 4042 pneuettoue
846 3978 1079 4047 suppletorts
1100 3983 1210 4039 uatis·

286 4109 408 4176 Breues
434 4113 583 4198 vocales,
625 4113 684 4179 ubi
710 4115 850 4183 alterae
879 4119 1005 4186 duabus
1035 4121 1295 4188 consonantibus

204 4211 419 4326 sequentibus
448 4215 551 4303 ejecta
577 4225 644 4296 est,
676 4239 718 4283 ue
747 4219 892 4308 syllabae
922 4221 1093 4328 quantitas,
1116 4222 1295 4307 minuatur,
