2872 4780
336 343 370 434 §.
394 343 458 418 20.
509 343 701 438 Deopro
722 370 750 416 ει
775 353 811 416 et
836 373 861 414 ω
888 367 954 440 pro
980 373 1030 418 ου.
1156 343 1228 424 159

134 545 233 629 xlv,
256 547 274 610 1
309 542 386 631 (nbi
415 547 503 610 nn'ne
530 545 636 630 χοίρεν
664 567 683 610 e
712 543 934 632 conjectura),
968 549 1065 630 ε”ρνην
1084 545 1165 630 XV,
1186 548 1230 616 20

134 649 209 730 (ahi
228 671 317 713 nune
339 651 443 732 ἕρπειν
463 669 482 712 e
503 645 611 712 tribue
631 646 762 730 libris),
785 649 879 730 εὖρῆν
890 647 953 725 Χ1,
966 650 1006 732 43
1029 648 1230 739 frequentior

132 762 185 817 eat
216 749 305 841 apud
338 749 574 839 Pythagoreos.
635 747 674 818 Si
705 749 899 816 certioribus
929 749 1077 816 lontibus
1107 751 1228 836 eredis,

133 853 327 920 Laconibus
348 851 493 941 exeeptis
516 873 652 934 omnes,
686 850 744 940 qui
764 853 928 918 severiore
948 850 1073 918 Doride
1094 853 1229 919 uteban-

135 967 215 1036 tnr,
237 955 383 1022 nltimam
404 954 642 1021 infinitivortnn
665 952 824 1042 syllabam
845 955 1045 1044 corripuisse
1065 955 1226 1022 videntur.

137 1055 290 1124 Ceterum
310 1057 407 1124 etiarn
428 1059 483 1124 bie
504 1080 682 1126 oonaonam
703 1055 862 1143 abjectam
883 1043 958 1124 eree
971 1057 1141 1124 docuimus
1162 1059 1187 1126 1.
1203 1059 1228 1126 l.

220 1155 259 1245 0)
302 1159 476 1228 Praeterea
496 1188 516 1239 η
539 1159 751 1250 productione
766 1160 966 1250 suppletoria
987 1183 1027 1226 ex
1048 1184 1063 1225 ε
1083 1161 1119 1228 in
1139 1183 1230 1228 oere-

135 1263 225 1330 rinre
238 1262 364 1330 Doride
386 1273 497 1330 natum
519 1263 580 1330 bae
603 1263 734 1354 glossae
755 1262 982 1352 Hesyebianae
1002 1261 1228 1353 suppeditantz

227 1364 509 1450 Πηρεφόνεεα,
535 1363 769 1450 Περσεφόνεια·
802 1363 965 1442 Λάκωνες.

220 1467 361 1554 πὴρεξ,
388 1468 514 1552 πέρδιξ·
541 1471 675 1560 Κρῆτες.

136 1593 325 1663 quanquam
351 1593 409 1636 eae
442 1571 554 1636 minue
581 1573 646 1636 bue
673 1569 838 1661 pertinere
869 1567 1039 1653 videntur,
1075 1568 1230 1659 qnoniam

136 1675 291 1764 vulgares
313 1671 454 1756 formae,
486 1673 522 1738 in
542 1672 664 1762 quibua
686 1697 714 1736 ει
736 1673 801 1756 eit,
834 1694 902 1737 non
922 1670 1140 1761 reperiuntur.
1192 1671 1231 1738 ln

137 1775 216 1843 aliie
242 1774 439 1866 quibusdam
468 1773 605 1842 vooibne
634 1773 780 1840 severior
799 1771 901 1838 Doris
927 1801 948 1852 η
975 1795 1035 1864 pro
1055 1773 1185 1864 vulgari
1205 1799 1234 1840 ει

138 1889 174 1944 et
193 1903 218 1942 ω
241 1901 302 1968 pro
323 1903 360 1944 ου
387 1878 432 1944 ila
458 1877 611 1968 praebet,
643 1886 680 1942 nt
706 1899 725 1943 e
753 1875 923 1967 sequentis
949 1873 1116 1966 liquidae,
1148 1899 1233 1966 quae

139 1979 179 2045 lit
205 1979 291 2069 apud
310 1979 471 2065 Lesbios,
503 1979 722 2070 geminatione
750 1979 792 2044 tle
822 1979 924 2046 altera
953 1977 1089 2046 duarum
1117 2001 1233 2046 noneo-

138 2081 290 2149 nantium
311 2083 416 2172 ejecta
438 2083 583 2176 euspicio
605 2081 773 2150 oboriatur
799 2083 843 2148 of.
866 2079 910 2148 L.
932 2081 948 2147 l
967 2082 1010 2166 ᾖ.
1032 2081 1071 2168 8,
1093 2081 1126 2150 8.
1169 2081 1233 2148 Ta·

138 2185 185 2254 lia
206 2195 284 2252 eunt
316 2237 318 2244 ,

227 2289 407 2373 ἄπηρος,
449 2287 538 2378 qnod
565 2285 725 2354 Doricum
750 2283 934 2378 appelletur
960 2307 1020 2376 pro
1045 2285 1176 2372 ἤπειρος
1191 2289 1234 2370 ⁹),

139 2415 242 2482 quum
264 2391 463 2458 Lesbiaenrn
486 2389 531 2456 ait
552 2388 695 2474 ἄπερρος.

228 2493 383 2578 ἄπηρος
412 2515 472 2584 pro
502 2492 652 2574 ἄπειρος,
685 2489 856 2574 ἀπέραντος
876 2487 996 2556 Doridi
1023 2487 1180 2554 tribuitur
1200 2488 1236 2554 ln

140 2595 198 2664 Et.
213 2595 257 2662 G.
273 2597 350 2682 217,
364 2596 427 2680 15,
450 2617 592 2685 quoonm
613 2615 781 2684 rumperes
800 2591 999 2658 Lesbiorum
1019 2592 1157 2676 πέρ’ροεεν
1176 2613 1238 2679 pro

139 2701 194 2765 πεΙ
214 2725 284 2765 νεα.
670 2723 674 2732 ·
877 2735 883 2742 ·
983 2705 987 2714 '

192 2725 371 2884 ρΛηράς
392 2799 481 2867 Cret.
498 2797 597 2883 2054,
615 2797 689 2865 134.
706 2795 768 2864 109
788 2819 849 2886 pro
870 2792 977 2882 δειράς
999 2815 1073 2862 ease
1094 2794 1236 2880 vitietur,

141 2929 243 2998 quum
265 2903 427 2972 Lesbiaco
449 2903 543 2986 ὁὲρρο
566 2902 610 2967 eit
630 2923 690 2990 pro
712 2899 812 2986 δειρὴ.

229 3007 323 3093 pio,
355 3007 444 3096 quod
471 3004 630 3070 Dorieum
656 3013 791 3070 vocetur
818 3000 874 3067 Et.
897 3002 941 3070 G.
973 2999 1054 3080 566,
1077 3000 1120 3068 10
1149 3013 1182 3067 ot
1201 2999 1236 3068 J.

142 3111 204 3178 Gr.
227 3107 304 3192 213,
318 3109 352 3186 b,
375 3109 461 3200 apud
477 3107 671 3174 Alcmenen
690 3116 774 3174 teste
795 3103 984 3172 Herodiano
1002 3127 1063 3194 ap.
1087 3101 1237 3170 Euetatb.

143 3213 226 3298 110,
262 3211 304 3278 37
340 3211 521 3300 genitivum
553 3209 652 3296 χορός
682 3208 821 3274 babebat
851 3209 893 3274 fr.
924 3207 988 3273 114
1007 3203 1095 3290 W„
1133 3229 1240 3296 neque

144 3327 233 3382 rente
254 3315 289 3380 in
312 3313 455 3403 Lyrietn
480 3315 561 3381 1321
591 3315 675 3398 χειρί
700 3313 753 3380 rel
781 3313 852 3398 χερὶ
871 3307 1028 3398 seriptum
1050 3317 1112 3374 eet.
1155 3307 1240 3373 Lea-

142 3419 210 3484 biie
233 3415 453 3484 nominativus
475 3439 541 3480 non
564 3413 673 3482 minuo
695 3414 756 3502 χήρ
775 3413 931 3494 sonabat,
953 3410 1021 3476 vid.
1045 3409 1061 3475 1
1083 3409 1115 3493 5.
1130 3409 1238 3495 14,2;

143 3522 179 3588 in
202 3521 341 3613 reliquis
363 3518 496 3586 nasibus
518 3517 677 3608 liquidam
700 3515 911 3607 geminabant
930 3523 967 3579 nt
987 3511 1105 3600 χέρ’ῥες.

232 3625 534 3707 ε’γΡηληθΙωντι
562 3619 692 3688 llorael.
723 3619 844 3703 1,104
871 3619 921 3701 (αι’
948 3618 980 3680 δὲ
1008 3609 1069 3680 ὑπὸ
1090 3612 1242 3694 πολεμίων

144 3729 392 3812 ἕρῐηληθίωνει,
429 3725 504 3800 dieze
530 3721 572 3805 μὴ
604 3723 711 3807 ἐξῆρεν
738 3719 801 3797 τοῖς
826 3717 1069 3804 μεμισθωμένος
1091 3709 1240 3798 anomia-

145 3865 393 3876 ...ι--ι--μ-

179 3983 208 4046 9)
244 3977 337 4048 Etyn.
359 3977 424 4032 Per.
443 3993 488 4048 ep.
508 3978 584 4032 Bast.
603 3975 638 4030 ad
653 3977 739 4044 Greg.
755 3975 819 4028 Cor.
838 3975 898 4028 279.
917 3969 1014 4044 ἄπορος
1030 3970 1099 4039 (leg.
1118 3967 1241 4040 ἅπερῤος)

144 4069 259 4133 λέγουσιν
276 4063 301 4118 oi
318 4063 421 4124 Αἰολεῖς
448 4093 477 4104 -
505 4063 606 4136 ἄπηρος
629 4063 710 4116 πάλιν
734 4063 811 4124 φασὶν
833 4059 858 4112 oi
874 4061 980 4132 Δωριεῖς
995 4057 1132 4130 telumue
1147 4054 1196 4124 τὴν
1211 4059 1243 4108 Ξῖ

144 4152 180 4211 εἷς
202 4149 234 4204 ri
256 4153 274 4222 ἢ
298 4153 342 4204 ναὶ
363 4149 394 4206 τὸ
418 4154 436 4220 ἧ
457 4151 491 4210 εἰς
514 4151 546 4206 τὸ
568 4154 587 4203 οῖ
605 4148 637 4211 ὦς
655 4151 750 4204 πλείων
766 4147 873 4217 nilion,
902 4147 975 4200 unde
994 4145 1121 4214 corrigas
1138 4144 1185 4198 Et.
1203 4143 1239 4197 G.

143 4243 212 4306 210,
231 4243 282 4304 55,
300 4239 348 4292 nbi
367 4239 475 4296 excidit
493 4238 519 4294 ol
536 4241 651 4310 Δωριεῖς.
670 4271 701 4283 -
737 4237 878 4290 Gboorob.
898 4235 975 4288 Oxx.
995 4235 1041 4300 11,
1058 4235 1125 4298 217,
1146 4234 1186 4285 10.
