2742 4794
116 395 118 400 ,
181 259 186 266 =
219 310 271 391 48
419 315 478 390 De
502 311 654 388 dialecto
678 311 837 390 Aeolum
860 311 1094 396 Asianorum.

218 519 339 590 initiali
370 541 408 585 co
437 515 547 584 minus
577 513 793 614 grammaticis
822 525 855 582 ct
885 513 1089 600 Melinnoni,
1130 518 1311 588 recentiori

216 622 380 718 po‘c'triac,
402 616 629 711 confidendum
650 615 805 701 arbitror,
839 617 926 706 quod
948 643 989 684 nc
1010 619 1150 686 Alcman
1172 621 1312 710 quidem

217 737 251 794 ct
271 722 482 804 Theocritus,
504 717 750 809 qnosAcolico,
773 743 839 784 non
852 718 984 792 ,Dorico
1005 745 1094 786 merc
1115 719 1200 791 Elin
1223 724 1311 788 naul-

215 829 260 900 tis
281 851 341 918 pro
358 823 511 906 {habore
532 821 596 886 alio
618 830 761 910 ternpore
783 819 994 906 docebimus,
1014 823 1034 903 ’ξ
1052 825 1178 890 initiale
1200 835 1313 890 muta-

215 940 294 998 runt
323 939 356 995 et
383 919 512 1016 qnod'g'
533 923 569 988 in
602 920 681 996 Ζεὺς
702 932 734 987 et
755 919 844 1004 ζυγός
876 947 943 990 non
971 925 1081 991 minua
1103 949 1121 992 e
1140 923 1175 995 'di
1192 935 1312 991 nahrm

216 1041 284 1114 est,
314 1053 411 1121 quam
439 1028 474 1093 in
497 1025 536 1104 Cal
558 1035 620 1092 cte.
659 1023 747 1105 (uid.
772 1021 926 1116 Hartnnq
945 1028 1069 1092 Portis.
1093 1031 1123 1094 l.
1150 1051 1183 1113 p·
1204 1028 1309 1105 353).

216 1133 346 1201 Deinde
365 1133 388 1214 ’ξ
412 1139 572 1196 servatum
602 1137 671 1208 cst,
701 1125 767 1190 nisi
797 1125 914 1205 fallor,
945 1127 1136 1218 ubicunque
1156 1152 1224 1194 non
1246 1126 1312 1198 ed

215 1247 320 1304 ortum
342 1242 432 1316 crat,
465 1240 502 1296 nt
522 1232 631 1312 μείζων
654 1250 673 1292 c
693 1227 802 1308 μεγίων
823 1251 888 1292 non
910 1229 1020 1296 minus
1041 1227 1265 1320 quam'nldcoa
1289 1255 1310 1298 a

214 1335 323 1404 radice
349 1343 437 1419 nluy.
493 1332 613 1397 Contra
642 1329 700 1395 ubi
720 1325 755 1398 'ad
776 1327 816 1394 ab
850 1331 978 1420 oriqinc
1007 1343 1093 1415 erat,
1125 1341 1160 1396 nt
1191 1331 1307 1414 sinder,

214 1443 291 1506 t'odn
306 1440 353 1523 ⁵),
384 1435 479 1516 ant}
495 1435 550 1502 eit*
572 1441 682 1495 natnm
704 1442 773 1513 est,
795 1443 831 1496 ut
853 1431 887 1496 in
909 1435 1040 1518 poleda,
1064 1434 1107 1498 cl'.
1131 1432 1244 1516 radix,
1273 1445 1308 1502 et

212 1542 380 1634 plerisque
401 1537 510 1605 verbis
539 1534 656 1622 inffi,
673 1533 771 1622 'apud
799 1532 999 1622 antiquiores
1027 1542 1139 1623 politas
1161 1532 1195 1605 ὦ
1218 1537 1307 1602 scri·

211 1655 303 1736 ptam
332 1641 437 1707 fuisse
466 1638 612 1721 videtur,
651 1636 740 1700 unde
770 1659 838 1700 non
870 1635 1090 1702 dubitavimus
1122 1661 1196 1706 cum
1224 1640 1305 1706 aliis

209 1744 328 1811 taddaeo
348 1753 381 1808 ct
401 1737 553 1823 κωμᾶσδω
576 1737 757 1828 corrigere,
772 1761 970 1829 quanquam
990 1739 1189 1806 recentiores
1209 1741 1303 1808 tituli

210 1869 254 1913 ne
274 1847 309 1912 in
330 1844 383 1910 his
406 1840 538 1933 quidem
561 1839 625 1904 sibi
647 1848 807 1904 constant.

294 1947 445 2012 Ceterum
465 1941 544 2026 fin
566 1943 787 2022 l‘mutaturn,
829 1939 917 2031 quod
944 1939 1105 2011 interdum
1133 1945 1301 2018 hostibus

209 2046 428 2128 adscribitur,
450 2045 646 2111 Boeotorum
668 2053 736 2119 cst,
759 2041 827 2106 vid.
850 2037 880 2131 ἓ.
905 2045 966 2130 37,
990 2047 1020 2111 1.
1122 2115 1124 2122 ,

293 2150 336 2230 5)
365 2149 431 2214 Pro
452 2145 646 2242 duplicibus,
661 2143 684 2226 ξ
702 2157 735 2208 et
750 2143 783 2230 ’ᾧ
796 2145 918 2212 Acolee
938 2147 1121 2215 reseruntur
1145 2151 1183 2221 ἷᾶ
1203 2151 1237 2218 et'
1259 2153 1302 2224 ἦ

210 2251 383 2342 scripsisse
398 2249 446 2333 ⁶).
500 2247 635 2314 Constat
655 2247 856 2338 antiquiores
878 2247 1020 2314 Graecos
1042 2275 1156 2319 onrncs
1178 2279 1232 2322 eas
1253 2257 1300 2322 li·

207 2366 295 2421 teraa
323 2352 513 2444 ignorasscq
543 2350 646 2415 Attici
677 2360 784 2414 manen
804 2349 892 2414 tituli
914 2349 1115 2440 antiquiores
1136 2379 1195 2444 pro
1222 2357 1298 2426 illis

205 2453 338 2542 ᾗεῑῖο
358 2453 498 2537 hahent,
534 2452 592 2519 sed
620 2449 769 2517 columna
789 2451 889 2518 Melia
911 2451 950 2518 G.
974 2451 1002 2518 Ι.
1033 2457 1125 2520 nr.3
1157 2467 1189 2523 et
1209 2460 1297 2525 anti·

206 2559 265 2648 qui
303 2557 391 2624 tituli
421 2555 563 2622 Theraei
594 2554 684 2624 zet
708 2555 767 2640 ἦ,
810 2577 917 2645 neque
954 2553 1113 2621 absonum
1149 2557 1295 2645 videtur,

204 2657 328 2726 Aeoles
350 2681 480 2750 quoque
500 2655 701 2746 antiquiores
723 2682 797 2724 enm
817 2657 871 2724 his
891 2657 1109 2746 conspirasse.
1167 2657 1296 2732 Mirum

204 2771 330 2838 umen,
363 2757 544 2847 quadres,
572 2757 614 2824 ad
638 2757 803 2848 antiquam
824 2757 1085 2846 orthographiam
1105 2761 1293 2850 pertinens,

204 2859 245 2927 ad
268 2860 440 2926 dialectum
466 2860 623 2943 refertur,
646 2883 747 2948 quum
767 2881 834 2924 non
855 2857 1012 2924 credibile
1034 2861 1096 2945 sit,
1122 2863 1157 2928 in
1178 2871 1293 2954 poian.

201 2985 276 3029 rum
305 2959 517 3026 Aeolicornm
553 2959 649 3026 libris
681 2985 750 3026 cans
784 2958 975 3050 scripturam
1005 2983 1023 3026 a
1054 2967 1292 3054 grammaticis,

144 3125 147 3132 ,
202 3063 262 3154 qui
293 3075 545 3146 recensuerunt,
576 3061 811 3127 Alexandrinis
833 3073 989 3128 servatam
1010 3087 1095 3130 csse.
1162 3067 1290 3154 Quare,

201 3162 430 3254 antiquissima
464 3162 501 3228 in
532 3161 660 3229 Joaune
691 3163 749 3230 Gr.
784 3162 924 3230 lectione
953 3155 1060 3241 cador
1088 3189 1148 3254 pro
1176 3169 1290 3248 κσὲνος

159 3325 164 3334 .
200 3264 392 3352 adjuvante,
421 3263 592 3354 suspicor,
623 3289 690 3332 non
716 3264 816 3332 alium
842 3289 986 3350 morem,
1020 3269 1178 3359 exemplis
1200 3273 1288 3340 male

199 3365 319 3434 additis
341 3378 373 3436 ct
392 3367 537 3454 mutatis,
561 3391 600 3434 ea
619 3368 733 3459 regula
752 3366 944 3458 significari,
967 3391 1063 3460 qnam
1084 3372 1287 3461 quodcoles

232 3651 261 3716 ὅ)
295 3650 364 3705 Cura
383 3641 460 3701 iader
476 3659 604 3716 conpara
621 3653 743 3701 noenum
760 3647 833 3713 Αεις
859 3663 896 3701 ex
912 3645 1025 3714 antiqua
1036 3645 1135 3706 ¹radice
1151 3641 1212 3716 aed,
1229 3664 1285 3718 per

196 3733 445 3804 reduplicationem
467 3729 547 3786 orato
571 3742 599 3787 et
621 3731 761 3800 abjector
783 3730 848 3788 tadu
874 3743 966 3787 natum
990 3744 1046 3800 est,
1074 3743 1103 3788 ut
1125 3733 1282 3805 eoa1(e'1)

195 3823 288 3888 alozos,
306 3823 371 3886 ἴσχω
388 3819 433 3886 (cf.
451 3818 527 3884 ἔσχον
541 3835 579 3873 ex
595 3819 710 3885 tragos),
727 3821 834 3890 pepon,
851 3823 943 3874 almo
962 3835 1059 3890 epau,
1078 3837 1139 3874 star.

229 3933 257 4000 6)
292 3933 320 3988 J.
343 3933 394 3986 Gr.
418 3931 485 3998 244,
509 3931 543 3998 b,
588 3931 675 4001 Greg.
698 3933 763 3987 Cor.
784 3931 851 3998 613,
879 3931 994 3986 Mearm.
1020 3933 1088 3987 661:
1112 3926 1171 3986 rint
1193 3929 1243 3986 τοῦ
1260 3915 1283 3998 ἓ

193 4023 304 4075 radiaco
319 4015 351 4074 aa*
368 4019 390 4072 ιῖ
405 4023 452 4072 arat
468 4020 502 4072 ὅ·
528 4016 601 4082 cavos
618 4023 722 4083 saevae,
749 4013 824 4088 ἱέραξ
839 4013 947 4090 dipsas·
973 4013 1034 4072 rivel
1051 4014 1080 4070 da*
1096 4015 1146 4072 τοῦ
1168 4015 1284 4090 peda}

193 4113 239 4160 sat
256 4108 290 4160 ὃ·
307 4107 405 4176 Πέλοψ
421 4106 542 4173 neom,
562 4099 661 4177 Ἀραψ
673 4099 802 4180 ”Aprusa
824 4103 898 4176 apud
915 4103 942 4161 J.
961 4105 1011 4160 Gr.
1030 4104 1060 4160 ia
1076 4103 1113 4159 ll.
1130 4103 1185 4162 Ad.
1206 4105 1279 4178 legi-

193 4203 239 4248 tur
253 4197 353 4263 moos,
367 4191 397 4247 in
414 4189 478 4247 edd.
496 4207 568 4250 rece.
584 4193 680 4250 maor.
1128 4233 1133 4238 -
