2814 4760
255 361 331 442 484
696 349 894 452 Appendix.

316 749 443 834 vll.
483 664 797 831 liceretur!
818 695 1299 845 Amphictyonum.

578 945 679 1038 Gorp.
715 947 820 1014 lnacr.
855 969 907 1012 ιιι.
932 942 1028 1014 1688.

621 1145 660 1208 (ιι
652 1140 689 1195 id.
710 1141 738 1194 fo
740 1140 808 1194 tium
827 1141 986 1206 intertum>

708 1315 895 1332 aaut*

186 1573 188 1578 ¹
216 1501 233 1574 ,ἐ
340 1489 539 1582 Rectissime
561 1493 751 1565 Boeclrhiua
771 1515 813 1560 ex
828 1491 944 1561 Attico
964 1492 1123 1584 temporie
1146 1491 1283 1578 indice,
1306 1494 1355 1584 qai

181 1611 217 1626 '⁶
254 1601 456 1694 praemissus
478 1610 550 1682 est,
583 1599 690 1687 legem
711 1599 796 1664 hanc
817 1594 1125 1686 Amphictyonicarn
1148 1595 1210 1663 01.
1234 1598 1354 1680 mm

146 1737 153 1754 ·
255 1703 398 1770 Athenis
427 1701 567 1794 positam
599 1723 672 1767 6666
702 1699 937 1766 demonstravit
965 1709 998 1763 et
1024 1697 1213 1786 lapicidae,
1248 1712 1355 1790 utpote

254 1807 368 1872 Attico
394 1799 457 1872 n'a'c
483 1803 605 1870 Doridi
633 1812 786 1887 assueto,
820 1813 870 1868 tot
895 1799 1135 1867 inconstantius
1165 1809 1202 1865 61
1232 1823 1354 1868 erraret

256 1906 369 1982 (166611
390 1905 564 2008 intellexit.
594 1899 773 1992 Attamen
795 1903 837 1970 (16
860 1901 1081 1969 inconstantia
1103 1901 1355 1994 orthographiae

252 2000 297 2076 V
323 2008 380 2077 Cl
401 2033 468 2106 non
487 2002 599 2074 omnia
619 2018 709 2084 recte
730 2007 898 2096 disputare
918 2003 1049 2071 videtur
1069 2015 1122 2086 et,
1154 2003 1184 2070 ei
1208 2003 1342 2096 qnid
1312 2029 1355 2072 ιι-

254 2097 388 2196 lemni,
421 2135 459 2176 ea
486 2110 531 2192 ad
551 2085 837 2227 ortloqraplricm
858 2107 1018 2187 rationem
1038 2107 1159 2191 refert,
1194 2130 1282 2198 qnae
1303 2131 1354 2226 pa·

252 2211 383 2280 116666
405 2209 537 2276 dialecti
558 2210 790 2300 proprietatem
816 2210 1014 2329 pertineant.
1068 2208 1239 2328 Antiquae
1268 2211 1355 2276 6616

253 2310 502 2402 orthographiae
528 2312 614 2377 ·’666
624 2311 828 2438 reliquiae
817 2336 854 2377 un
891 2311 988 2380 titulo
1025 2333 1099 2377 6666
1130 2311 1353 2378 existimarit.

252 2417 276 2483 l.
291 2415 339 2483 10
355 2414 544 2500 ἀήὸγραψιγ
559 2421 640 2522 ‘piro'¹
642 2412 837 2500 ἀπογράφειν
858 2425 891 2480 61
913 2413 992 2480 itern
1005 2412 1161 2498 11116,
1194 2413 1239 2482 23
1264 2437 1354 2497 φιριι

253 2529 286 2614 et
313 2515 463 2614 lentule,
452 2514 522 2584 34
525 2512 660 2639 64645
676 2517 727 2583 13.
750 2515 794 2583 45
822 2541 876 2592 roc
904 2539 965 2608 pro
985 2539 1062 2594 τους
1082 2525 1116 2581 61
1136 2513 1300 2582 similiter
1318 2515 1355 2582 11

251 2647 399 2701 norror,-
395 2601 479 2694 14
488 2645 543 2697 τοι·
564 2618 661 2702 ὄιος
697 2617 751 2686 17.
774 2617 816 2686 39
845 2619 895 2686 A
881 2643 1030 2722 yevuaoc
1025 2614 1168 2685 26’
1129 2643 1246 2705 αυτοι5
1290 2619 1316 2684 l.
1337 2618 1356 2685 8

251 2731 361 2800 Λαιος
383 2700 444 2814 pro
465 2727 616 2810 Λαιοῦς5
639 2723 715 2789 1.1
740 2727 852 2790 flucae
873 2743 936 2810 pro
957 2699 1091 2788 Πυθέ1υ
1118 2743 1232 2810 neque
1260 2721 1357 2788 nlitc

251 2827 276 2896 1.
290 2827 342 2904 35
370 2852 406 2890 ιο
430 2831 540 2892 Hecu
571 2822 776 2946 (quanqpana
795 2823 850 2896 hic
871 2821 1017 2892 Claraci
1031 2823 1263 2914 apographa-
1285 2829 1357 2888 Πι-

251 2937 332 2994 θιου
356 2927 469 3008 66661)
497 2939 546 2993 61
557 2927 582 2994 1.
605 2925 769 3011 4166665
800 2923 1359 3016 5666661612ὄζαμιοπη51ι6

250 3023 462 3125 canotum
485 3023 680 3119 'Nusquam
707 3027 894 3096 Boecllius
923 3035 960 3093 Ε
986 3021 1019 3094 61
1045 3032 1074 3092 O
1101 3049 1194 3121 pru
1191 3033 1232 3092 Η
1251 3035 1292 3091 61
1324 3027 1361 3090 Ω

251 3131 371 3222 aeripta
388 3111 465 3196 6661
484 3127 590 3196 voluit
596 3116 857 3223 praeterquam
860 3129 896 3196 in
918 3135 975 3195 ΕΙ
996 3129 1021 3195 1.
1044 3127 1088 3196 ’46
1116 3122 1361 3220 56651566·

250 3233 287 3302 in
306 3235 488 3300 Innocuam
482 3223 591 3308 ‘ioci
614 3234 631 3300 1
657 3231 824 3324 posteriue
845 3259 863 3300 o
883 3245 945 3322 per
966 3252 1111 3300 errorem
1131 3231 1259 3298 lectuna
1283 3253 1360 3298 6666

251 3334 472 3426 significavit,
523 3359 621 3424 quana
654 3335 845 3403 facillimam
874 3335 1044 3402 literarum
1075 3331 1359 3458 perpautatioaen

250 3463 311 3504 nos
334 3437 430 3506 etiarn
458 3438 495 3503 in
524 3437 549 3502 l.
574 3437 616 3504 14
642 3437 695 3503 616
716 3437 930 3530 agnovimus,
964 3461 1038 3513 onoc
1057 3461 1112 3502 τοι
1131 3435 1169 3502 in
1190 3435 1279 3512 uiroc
1300 3441 1361 3501 vair

249 3552 425 3607 mutantes.
491 3539 629 3606 Illorum
666 3561 743 3607 vcro
781 3539 955 3606 maximam
985 3549 1113 3631 partem
1144 3537 1361 3605 memorabili

249 3641 431 3731 Delphicae
459 3639 592 3708 dialecti
620 3641 819 3733 proprietate
844 3641 956 3732 potine
978 3665 1078 3732 quana
1099 3641 1362 3730 autographae

249 3743 431 3810 arclraiemo
452 3743 616 3812 contineri
637 3742 842 3810 arbitramur.
899 3742 1101 3812 Accuratiua
1129 3740 1220 3808 eniua
1253 3765 1364 3834 quae·

247 3845 334 3911 renti
356 3857 508 3936 apparet,
538 3847 738 3938 syllabarum
760 3857 979 3913 extremarum
1001 3841 1244 3935 correptionem
1270 3867 1364 3928 ean,

248 3970 346 4038 qnam
367 3945 582 4016 Dorieuuinrn
604 3947 690 4040 parti
712 3946 878 4038 propriam
899 3970 973 4014 6666
995 3949 1031 4014 in
1052 3951 1086 4033 §-
1098 3947 1139 4014 21
1163 3945 1364 4030 ‹locui-na,

246 4049 360 4116 eadem
381 4073 482 4140 prope
505 4051 687 4119 constantia
715 4050 751 4116 in
773 4051 836 4118 loe
864 4049 962 4116 titulo
995 4048 1185 4133 observari,
1223 4073 1298 4140 qna
1328 4049 1365 4116 16

244 4149 405 4218 Theraeia
435 4163 468 4216 et
499 4153 586 4220 aliie.
641 4154 790 4240 Primum
819 4150 974 4221 infinitivi
997 4150 1248 4243 conjugationis
1273 4153 1317 4218 iaa
1338 4177 1367 4216 aa

246 4252 370 4343 ubique
391 4253 426 4320 iu
448 4278 480 4318 ει
500 4267 642 4342 exeunt,
676 4268 712 4322 ut
732 4257 845 4342 φέρει,
881 4255 970 4342 ἄγει,
1005 4255 1102 4342 θύει,
1132 4275 1243 4346 neque
1265 4265 1369 4324 66616
