2866 4766
251 363 285 458 §.
307 363 369 441 41.
406 365 464 439 De
485 363 742 466 conjugatione
758 360 914 461 perfecti
933 376 970 436 et
986 387 1062 437 eor.
1082 361 1110 436 l.
1151 361 1227 440 385

131 567 304 652 addimus,
327 591 383 634 eas
399 567 537 651 formas,
562 591 647 657 quae
667 589 769 656 quum
791 589 958 658 syncopen
978 589 1094 658 passae
1114 567 1224 636 existi·

131 681 282 754 mentm,
306 670 417 760 potius
439 667 700 758 antiquissimam
720 667 879 735 rationem
900 681 1089 754 servarunt,
1117 693 1137 737 a
1157 669 1226 737 Do·
1294 675 1298 698 '

128 773 222 858 ride,
244 797 329 862 quae
350 771 483 861 quidem
504 771 545 836 ed
567 785 712 838 nostram
733 771 881 838 notitiam
901 771 1068 862 pervenit,
1082 845 1084 850 ,
1099 772 1242 840 alienas

129 897 207 942 esse
227 888 261 940 et
282 873 417 940 omnino
438 873 599 940 Doridem
626 873 663 940 in
692 876 755 941 hoo
787 875 861 940 loro
888 875 1104 942 recentiorem
1125 897 1228 966 quen-

130 977 207 1043 dam
226 980 411 1062 χαρακτῆρα
433 999 510 1066 prae
533 999 569 1041 se
591 977 689 1043 terre.

215 1081 252 1158 8)
293 1077 464 1145 Aoristi
485 1077 614 1168 primi
636 1077 881 1146 terminationes
902 1078 937 1144 in
958 1077 1122 1166 objectivo
1143 1075 1228 1146 'nihil

131 1181 259 1273 proprii
281 1180 438 1247 exhibent
458 1191 587 1272 praeter
608 1204 668 1263 ea,
690 1205 774 1271 quae
795 1181 830 1246 in
847 1181 880 1265 §-
893 1181 935 1248 36
955 1179 1118 1246 illustrata
1136 1191 1224 1247 sunt.

133 1283 310 1374 Optatiana
331 1283 456 1372 ubique
478 1283 720 1373 diphthongum
742 1309 776 1348 αι
796 1296 921 1368 servat,
948 1295 985 1348 ut
1005 1282 1228 1368 intonationem

134 1385 226 1451 Cret.
241 1385 347 1470 2555,
366 1385 500 1463 ποιήσαι
515 1383 614 1452 Corn.
633 1385 736 1468 1846,
760 1383 938 1452 ἀποστεῖλαι
958 1395 991 1452 et
1010 1383 1228 1471 προστατήσαι

134 1485 236 1562 1845,
280 1485 509 1572 ἐπιγράψωμεν
540 1486 629 1553 Cret.
663 1487 767 1570 2555,
804 1489 988 1568 ποιήσαιεν,
1023 1489 1228 1572 ἰγδανείσαιεν

134 1587 271 1677 Corcyr.
296 1589 380 1656 1845
410 1601 473 1654 etr.
528 1587 666 1656 Aeolica
696 1591 801 1656 forma
830 1594 963 1656 πείσειεν
988 1589 1134 1678 Lysistr.
1166 1591 1226 1658 171

131 1691 246 1758 Attiou
266 1697 383 1781 potitae
404 1690 519 1758 deberi
542 1692 684 1759 videtur.

219 1794 259 1858 ln
290 1793 474 1880 subjectivo
507 1793 650 1860 secunda
676 1818 817 1884 persona
846 1793 984 1886 pluralis
1010 1793 1228 1885 antiquiorem

133 1895 397 1962 terminationem
419 1921 458 1962 no
480 1896 516 1962 in
540 1905 560 1960 ἃ
580 1897 762 1983 contrahit,
796 1907 833 1964 ut
859 1897 976 1975 ἐπάξᾶ,
1007 1896 1133 1982 ἐγρᾶψᾶ
1157 1897 1225 1964 vid.

131 2001 167 2082 §.
185 1997 246 2082 24,
269 2000 302 2063 4.

217 2099 414 2190 Paradigma
433 2123 597 2190 apponere
617 2101 744 2190 placet,
777 2100 854 2192 quin
881 2101 922 2168 de
949 2101 1093 2192 singulis
1112 2101 1227 2172 formis

130 2199 231 2268 modo
261 2226 303 2268 ex
318 2203 415 2292 ipsis
443 2203 595 2271 tontibus
613 2201 749 2272 Derieis
777 2203 874 2272 modo
895 2227 914 2272 e
935 2205 1129 2276 rertissimis
1151 2231 1227 2276 ana·

130 2305 234 2396 logiis
255 2304 377 2396 optimo
397 2316 535 2373 constat.
854 2307 858 2314 '
