2814 4760
373 361 489 455 ΜΘ.
543 365 599 438 De
621 365 771 442 mitiore
796 369 945 445 Doride.
1123 377 1199 458 405

106 563 245 655 species.
290 561 515 634 Nihilominus
538 576 571 632 et
592 567 654 635 hos
675 576 709 634 et
729 565 951 656 Epidaurios,
973 570 1032 661 qni
1054 575 1197 644 arctissi·

101 691 153 732 ma
176 667 373 755 cognatione
397 691 470 736 cum
486 668 663 766 Aeginetis
679 667 790 755 juncti
811 681 914 754 erant,
937 671 1050 738 eadem
1069 678 1198 768 vulgari

98 767 228 836 Doride
250 791 329 836 usos
350 793 443 854 esse,
480 793 544 860 qua
565 769 668 838 vicini
690 769 892 855 Dorienses,
929 797 1120 863 persuasum
1140 781 1195 848 ba·

4 909 7 924 ·
97 869 228 937 bemus.
274 870 450 961 Sicyonios
472 895 624 963 quoque,
658 871 846 957 Phliasios,
880 873 1081 962 Cleouacos,
1114 905 1194 970 quo·

4 1035 9 1066 ⁸
97 995 173 1038 rum
204 971 244 1038 de
274 971 422 1042 dialectis
451 973 539 1040 nihil
568 975 752 1042 accuratius
787 988 987 1067 compertum
1021 979 1192 1068 habemns,

83 1073 169 1142 ‚illis
191 1074 311 1142 addere
332 1075 502 1142 audemus.

181 1175 411 1263 Messenii,
443 1188 649 1268 quautume
676 1177 781 1246 titulis
810 1179 922 1270 paullo
954 1181 1192 1254 recentioribus

97 1279 307 1370 intelligitur.
373 1281 414 1346 ln
448 1279 690 1348 Messeniorum
722 1279 914 1350 Siculorum
949 1282 1045 1352 titulo
1077 1285 1115 1364 1,
1150 1287 1192 1354 16

97 1379 248 1448 Turrem.
272 1392 360 1450 certe
379 1381 492 1450 mitior
511 1382 614 1450 Doris
637 1393 790 1474 apparet,
814 1407 1000 1475 quanquam
1021 1386 1101 1453 hacc
1120 1388 1190 1480 qui·

97 1481 172 1551 dem
193 1483 272 1550 urbs
294 1485 328 1550 in
355 1495 444 1552 tauta
471 1485 654 1552 incolarum
682 1485 840 1554 mixtione
868 1483 1108 1556 Messeniorum
1136 1513 1190 1558 co·

4 1657 5 1664 χ
93 1584 186 1652 lunia
212 1585 269 1652 vix
296 1586 410 1652 baberi
439 1597 557 1678 potest.
623 1587 841 1678 Antiquiores
869 1586 1083 1676 Messenios,
1127 1593 1189 1660 auh

95 1685 330 1778 Spartanorum
351 1689 558 1779 potissimum
582 1689 822 1774 dominatione,
852 1689 1036 1760 Laconicae
1057 1691 1189 1762 dialecti

93 1789 272 1881 participes
293 1791 420 1877 fnisse,
450 1791 492 1858 ad
514 1817 611 1882 qnam
632 1791 822 1883 opinionem
843 1792 930 1859 haud
951 1804 1071 1862 temere
1092 1795 1188 1863 ineli-

92 1893 243 1972 naveris,
274 1917 343 1960 non
364 1904 473 1984 potest
494 1894 573 1960 inde
600 1893 804 1980 contirmari,
836 1894 924 1984 quod
945 1895 1187 1966 Demosthenes

4 1989 5 2002 ¹
93 1995 181 2084 apud
198 1995 427 2085 Thucydidem
449 1997 499 2063 lv
520 1997 586 2064 c.3
607 1995 792 2062 Messenios
815 2005 890 2086 post
910 1999 1040 2064 tertium
1062 1999 1186 2068 bellurn

89 2097 313 2168 Meaeenicnm
339 2098 501 2190 Naupacti
527 2097 679 2166 sedentes
707 2098 975 2167 Lacedaemoniis
1004 2101 1187 2186 ὁμοφώνους

4 2287 5 2294 ἵ
91 2199 173 2268 dicit
194 2224 296 2290 eaqnc
324 2202 365 2272 de
392 2225 489 2268 cansa
519 2202 560 2268 ad
583 2201 703 2290 Pylum
733 2200 957 2292 occupandam
985 2203 1182 2291 aptissimos.

4 2301 5 2312 ’
92 2301 182 2368 ldem
204 2303 292 2368 enim
313 2301 574 2387 Demosthenes,
597 2303 792 2393 Thucydide
814 2311 965 2370 narrante
985 2303 1037 2368 111
1058 2326 1088 2370 c.
1109 2306 1183 2388 112,

4 2381 6 2416 i
90 2404 342 2485 Ambracium,
371 2405 429 2498 qni
450 2405 579 2495 vulgari
599 2403 726 2472 Doride
747 2405 939 2489 utebantur,
969 2427 1184 2496 oppressurus
1280 2485 1282 2490 Ι

90 2505 278 2574 Messenios
299 2506 468 2598 praemisit
488 2519 521 2574 ct
540 2505 665 2597 alloqui
681 2505 787 2592 jussit
807 2509 968 2590 υΔωρίδα
989 2531 1021 2572 τε
1040 2513 1184 2592 γλῶσσαν

4 2601 5 2628 l
89 2609 190 2685 tebrae
222 2613 277 2674 aad
306 2611 373 2684 τοῖς
404 2607 582 2692 προφύλαξι
614 2610 718 2672 πίστιν
749 2607 1019 2693 παρεχομένὸυς.“
1069 2609 1183 2702 ltaque

90 2709 235 2780 Doricae
266 2709 420 2788 dialecti,
465 2733 532 2777 non
564 2707 741 2797 singularis
772 2709 895 2798 speciei
925 2711 1112 2778 commuuio
1142 2736 1183 2778 ea

90 2823 228 2904 utroque
249 2812 324 2880 loco
345 2824 490 2904 apparet.
545 2809 698 2878 Ceterum
728 2811 948 2878 confitendum
969 2823 1037 2898 est,
1070 2813 1182 2904 vulga·

4 2979 5 2984 ,
88 2939 157 2982 rem
183 2915 343 2984 Doridem
374 2916 409 2982 in
439 2913 546 2982 titulis
574 2911 769 2980 Messeuieis
799 2913 906 2980 eidem
934 2937 1049 2980 causae
1078 2915 1182 2982 tribui

90 3039 212 3108 posse,
235 3039 332 3108 qnam
350 3018 420 3106 jam
441 3018 483 3084 ad
505 3015 587 3084 alios
608 3015 723 3082 titulos
744 3014 983 3084 adhibebimus.

173 3119 375 3188 Arcadici
396 3119 485 3188 euim
507 3129 540 3184 et
558 3117 766 3186 Laconici
787 3118 876 3186 tituli
906 3133 1031 3210 posta.
1055 3120 1120 3188 200
1146 3143 1176 3186 a.
1296 3155 1297 3160 κ
1400 3207 1402 3226 Ι

4 3211 5 3238 ’
88 3211 177 3288 Chr,
195 3222 310 3312 scripti
330 3223 498 3312 vulgarem
519 3219 678 3288 Doridem
699 3218 873 3304 exhibent,
908 3245 1093 3311 quanquam
1115 3223 1177 3288 Ar·

87 3323 188 3390 cadas
222 3323 380 3412 peculiari
410 3325 552 3392 dialecto
591 3332 624 3388 et
653 3321 803 3388 La'conea
834 3321 1009 3390 severioris
1040 3321 1178 3390 Doridis

88 3423 252 3514 singulari
284 3427 394 3516 specie
424 3451 502 3494 usos
532 3425 640 3494 luisse
670 3435 806 3492 constat.
871 3421 1044 3506 Quomodo
1074 3424 1179 3513 igitur

86 3527 210 3594 lactum
239 3535 309 3609 eet,
343 3537 380 3594 nt
405 3541 519 3596 contra
539 3527 704 3617 antiquam
725 3523 995 3594 cousuetudinem
1017 3550 1054 3592 ea
1075 3537 1178 3594 aetate

85 3626 377 3718 susustinetis,
406 3628 443 3696 in
469 3628 577 3696 titulis
598 3637 686 3696 certe
707 3639 741 3695 et
761 3627 937 3695 cultiorum
959 3629 1097 3695 fortasse
1118 3629 1175 3696 ho·

83 3731 213 3798 minum
232 3753 380 3798 sermone
400 3729 609 3808 (Laconicam
631 3730 718 3798 enim
733 3729 962 3819 proprietatem
976 3752 1018 3796 ne
1031 3739 1175 3820 tempore

84 3832 218 3926 quidem
245 3833 348 3902 multo
374 3832 555 3900 recentiore
583 3855 711 3900 omnem
741 3831 915 3896 extinctam
936 3831 1040 3898 luisse
1062 3831 1176 3899 docui-

84 3957 159 4004 mus
185 3935 230 4002 ci.
253 3937 288 4021 §-
309 3936 372 4021 to,
394 3929 433 4025 2)
453 3933 589 4026 probata
610 3934 675 4002 siet
727 3932 825 3999 Circa
846 3955 968 3999 annum
990 3932 1175 4002 ducentesi-

83 4061 173 4104 mum
199 4036 327 4106 Achaei
353 4060 414 4129 per
439 4037 704 4126 Peloponnesum
733 4034 1001 4119 dominabantur,
1035 4061 1174 4126 quorum

82 4140 215 4208 loedere
237 4139 334 4210 multi
355 4138 470 4232 populi
490 4139 622 4230 vulgari
634 4135 754 4216 Doridi
774 4136 897 4206 assueti
912 4137 1171 4207 continebantur.

83 4241 279 4335 Quanquam
307 4243 410 4333 igitur
437 4263 504 4315 non
537 4251 683 4328 constat,
719 4265 802 4335 qnae
834 4239 933 4310 tuerit
965 4237 1172 4325 antiquorum
