<?xml version="1.0" encoding="UTF-8"?>
<!DOCTYPE html PUBLIC "-//W3C//DTD XHTML 1.0 Transitional//EN"
    "http://www.w3.org/TR/xhtml1/DTD/xhtml1-transitional.dtd">
<html xmlns="http://www.w3.org/1999/xhtml" xml:lang="en" lang="en">
 <head>
  <title>
</title>
<meta http-equiv="Content-Type" content="text/html;charset=utf-8" />
  <meta name='ocr-system' content='tesseract 3.04.00' />
  <meta name='ocr-capabilities' content='ocr_page ocr_carea ocr_par ocr_line ocrx_word'/>
</head>
<body>
  <div class='ocr_page' id='page_1' title='image "./degraccaelingua01ahregoog_0829.png"; bbox 0 0 2778 4748; ppageno 0'>
   <div class='ocr_carea' id='block_1_1' title="bbox 221 339 1008 448">
    <p class='ocr_par' dir='ltr' id='par_1_1' title="bbox 221 339 1008 448">
     <span class='ocr_line' id='line_1_1' title="bbox 221 339 1008 448; baseline 0 -28"><span class='ocrx_word' id='word_1_1' title='bbox 221 339 298 422; x_wconf 79' lang='lat'><strong>5⁰8</strong></span> <span class='ocrx_word' id='word_1_2' title='bbox 514 339 688 419; x_wconf 83' lang='lat' dir='ltr'><strong>Addendo</strong></span> <span class='ocrx_word' id='word_1_3' title='bbox 712 357 750 418; x_wconf 89' lang='lat' dir='ltr'><strong>et</strong></span> <span class='ocrx_word' id='word_1_4' title='bbox 772 343 1008 448; x_wconf 79' lang='lat' dir='ltr'><strong>Corrigenda.</strong></span> 
     </span>
    </p>
   </div>
   <div class='ocr_carea' id='block_1_2' title="bbox 178 545 1370 4322">
    <p class='ocr_par' dir='ltr' id='par_1_2' title="bbox 218 545 1330 947">
     <span class='ocr_line' id='line_1_2' title="bbox 221 545 1330 638; baseline 0 -21"><span class='ocrx_word' id='word_1_5' title='bbox 221 549 440 617; x_wconf 69' lang='lat' dir='ltr'><strong>narentur</strong></span> <span class='ocrx_word' id='word_1_6' title='bbox 464 569 500 637; x_wconf 86' lang='lat' dir='ltr'><strong>p.</strong></span> <span class='ocrx_word' id='word_1_7' title='bbox 522 545 586 630; x_wconf 79' lang='lat'><strong>55,</strong></span> <span class='ocrx_word' id='word_1_8' title='bbox 619 545 708 637; x_wconf 88' lang='lat' dir='ltr'><strong>quod</strong></span> <span class='ocrx_word' id='word_1_9' title='bbox 735 557 847 637; x_wconf 86' lang='lat' dir='ltr'><strong>aperte</strong></span> <span class='ocrx_word' id='word_1_10' title='bbox 872 561 906 613; x_wconf 86' lang='lat' dir='ltr'><strong>et</strong></span> <span class='ocrx_word' id='word_1_11' title='bbox 932 559 1105 638; x_wconf 82' lang='lat' dir='ltr'><strong>procerte</strong></span> <span class='ocrx_word' id='word_1_12' title='bbox 1128 549 1330 618; x_wconf 72' lang='lat' dir='ltr'><strong>contendis·</strong></span> 
     </span>
     <span class='ocr_line' id='line_1_3' title="bbox 222 649 1329 737; baseline -0.001 -19"><span class='ocrx_word' id='word_1_13' title='bbox 222 675 349 737; x_wconf 83' lang='lat' dir='ltr'><strong>seruus,</strong></span> <span class='ocrx_word' id='word_1_14' title='bbox 379 651 484 716; x_wconf 76' lang='grc' dir='ltr'>θεῖναι</span> <span class='ocrx_word' id='word_1_15' title='bbox 510 671 528 714; x_wconf 92' lang='lat' dir='ltr'><strong>e</strong></span> <span class='ocrx_word' id='word_1_16' title='bbox 559 649 736 736; x_wconf 79' lang='grc' dir='ltr'><strong>θέμ(ε)ναι,</strong></span> <span class='ocrx_word' id='word_1_17' title='bbox 772 651 867 734; x_wconf 74' lang='grc' dir='ltr'><em>λέγειν</em></span> <span class='ocrx_word' id='word_1_18' title='bbox 894 673 913 716; x_wconf 88' lang='lat' dir='ltr'><strong>e</strong></span> <span class='ocrx_word' id='word_1_19' title='bbox 940 658 1094 734; x_wconf 78' lang='lat' dir='ltr'><strong>layrareu,</strong></span> <span class='ocrx_word' id='word_1_20' title='bbox 1130 653 1329 736; x_wconf 67' lang='lat' dir='ltr'><strong>teye&#39;p(e)m</strong></span> 
     </span>
     <span class='ocr_line' id='line_1_4' title="bbox 220 751 1326 843; baseline -0.002 -22"><span class='ocrx_word' id='word_1_21' title='bbox 220 757 305 821; x_wconf 84' lang='lat' dir='ltr'><strong>laeta</strong></span> <span class='ocrx_word' id='word_1_22' title='bbox 326 775 418 830; x_wconf 78' lang='lat' dir='ltr'><strong>esee,</strong></span> <span class='ocrx_word' id='word_1_23' title='bbox 458 775 594 842; x_wconf 86' lang='lat' dir='ltr'><strong>eamque</strong></span> <span class='ocrx_word' id='word_1_24' title='bbox 615 751 866 841; x_wconf 72' lang='lat' dir='ltr'><strong>explicationem</strong></span> <span class='ocrx_word' id='word_1_25' title='bbox 887 751 1001 818; x_wconf 79' lang='lat' dir='ltr'><strong>falsam</strong></span> <span class='ocrx_word' id='word_1_26' title='bbox 1024 777 1101 820; x_wconf 79' lang='lat' dir='ltr'><strong>esee</strong></span> <span class='ocrx_word' id='word_1_27' title='bbox 1121 755 1326 843; x_wconf 79' lang='lat' dir='ltr'><strong>proclamat,</strong></span> 
     </span>
     <span class='ocr_line' id='line_1_5' title="bbox 218 853 1327 947; baseline 0.003 -26"><span class='ocrx_word' id='word_1_28' title='bbox 218 859 361 947; x_wconf 87' lang='lat' dir='ltr'><strong>primurn</strong></span> <span class='ocrx_word' id='word_1_29' title='bbox 390 854 479 946; x_wconf 86' lang='lat' dir='ltr'><strong>quod</strong></span> <span class='ocrx_word' id='word_1_30' title='bbox 509 880 531 937; x_wconf 86' lang='grc' dir='ltr'><strong><em>μ</em></strong></span> <span class='ocrx_word' id='word_1_31' title='bbox 562 865 637 920; x_wconf 86' lang='lat' dir='ltr'><strong>ante</strong></span> <span class='ocrx_word' id='word_1_32' title='bbox 668 877 810 945; x_wconf 80' lang='lat' dir='ltr'><strong>sequeno</strong></span> <span class='ocrx_word' id='word_1_33' title='bbox 836 881 855 918; x_wconf 77' lang='lat' dir='ltr'><strong>a</strong></span> <span class='ocrx_word' id='word_1_34' title='bbox 883 853 1060 922; x_wconf 83' lang='lat' dir='ltr'><strong>aGraeeie</strong></span> <span class='ocrx_word' id='word_1_35' title='bbox 1082 879 1152 922; x_wconf 92' lang='lat' dir='ltr'><strong>non</strong></span> <span class='ocrx_word' id='word_1_36' title='bbox 1175 857 1327 944; x_wconf 73' lang='lat' dir='ltr'><strong>ejecta-</strong></span> 
     </span>
    </p>

    <p class='ocr_par' dir='ltr' id='par_1_3' title="bbox 184 955 1326 2477">
     <span class='ocr_line' id='line_1_6' title="bbox 184 955 1326 1048; baseline 0.002 -25"><span class='ocrx_word' id='word_1_37' title='bbox 184 1009 186 1012; x_wconf 86' lang='grc'>-</span> <span class='ocrx_word' id='word_1_38' title='bbox 220 959 282 1042; x_wconf 85' lang='lat' dir='ltr'><strong>eit,</strong></span> <span class='ocrx_word' id='word_1_39' title='bbox 307 957 425 1023; x_wconf 91' lang='lat' dir='ltr'><strong>deinde</strong></span> <span class='ocrx_word' id='word_1_40' title='bbox 447 956 535 1046; x_wconf 88' lang='lat' dir='ltr'><strong>quod</strong></span> <span class='ocrx_word' id='word_1_41' title='bbox 556 955 764 1042; x_wconf 23' lang='lat' dir='ltr'><strong>terrram-id</strong></span> <span class='ocrx_word' id='word_1_42' title='bbox 783 957 874 1048; x_wconf 89' lang='lat' dir='ltr'><strong>qnod</strong></span> <span class='ocrx_word' id='word_1_43' title='bbox 895 956 963 1046; x_wconf 85' lang='lat' dir='ltr'><strong>ipsi</strong></span> <span class='ocrx_word' id='word_1_44' title='bbox 983 957 1234 1042; x_wconf 73' lang='lat' dir='ltr'><strong>indicavimus,</strong></span> <span class='ocrx_word' id='word_1_45' title='bbox 1258 983 1326 1025; x_wconf 81' lang='lat' dir='ltr'><strong>noa</strong></span> 
     </span>
     <span class='ocr_line' id='line_1_7' title="bbox 218 1058 1326 1150; baseline 0.002 -24"><span class='ocrx_word' id='word_1_46' title='bbox 218 1071 316 1126; x_wconf 85' lang='lat' dir='ltr'><strong>extet.</strong></span> <span class='ocrx_word' id='word_1_47' title='bbox 361 1058 460 1124; x_wconf 75' lang='lat' dir='ltr'><strong>Prius</strong></span> <span class='ocrx_word' id='word_1_48' title='bbox 482 1070 710 1148; x_wconf 74' lang='lat' dir='ltr'><strong>argumentum</strong></span> <span class='ocrx_word' id='word_1_49' title='bbox 734 1071 845 1125; x_wconf 87' lang='lat' dir='ltr'><strong>eontra</strong></span> <span class='ocrx_word' id='word_1_50' title='bbox 875 1059 982 1150; x_wconf 83' lang='lat' dir='ltr'><strong>ipsum</strong></span> <span class='ocrx_word' id='word_1_51' title='bbox 1006 1058 1160 1126; x_wconf 85' lang='lat' dir='ltr'><strong>Curtium</strong></span> <span class='ocrx_word' id='word_1_52' title='bbox 1181 1085 1326 1128; x_wconf 67' lang='lat' dir='ltr'><strong>conver</strong></span> 
     </span>
     <span class='ocr_line' id='line_1_8' title="bbox 218 1160 1326 1252; baseline 0.001 -25"><span class='ocrx_word' id='word_1_53' title='bbox 218 1171 288 1227; x_wconf 90' lang='lat' dir='ltr'><strong>tere</strong></span> <span class='ocrx_word' id='word_1_54' title='bbox 309 1160 406 1244; x_wconf 88' lang='lat' dir='ltr'><strong>lieet,</strong></span> <span class='ocrx_word' id='word_1_55' title='bbox 436 1161 493 1252; x_wconf 92' lang='lat' dir='ltr'><strong>qui</strong></span> <span class='ocrx_word' id='word_1_56' title='bbox 514 1163 600 1228; x_wconf 90' lang='lat' dir='ltr'><strong>haud</strong></span> <span class='ocrx_word' id='word_1_57' title='bbox 622 1169 812 1227; x_wconf 86' lang='lat' dir='ltr'><strong>eunetanter</strong></span> <span class='ocrx_word' id='word_1_58' title='bbox 831 1163 928 1244; x_wconf 73' lang='grc' dir='ltr'><strong><em>θέμεν</em></strong></span> <span class='ocrx_word' id='word_1_59' title='bbox 949 1172 983 1228; x_wconf 91' lang='lat' dir='ltr'><strong>et</strong></span> <span class='ocrx_word' id='word_1_60' title='bbox 1003 1163 1124 1245; x_wconf 72' lang='lat' dir='ltr'><strong>layeirea</strong></span> <span class='ocrx_word' id='word_1_61' title='bbox 1145 1187 1166 1230; x_wconf 88' lang='lat' dir='ltr'><strong>e</strong></span> <span class='ocrx_word' id='word_1_62' title='bbox 1188 1167 1326 1246; x_wconf 71' lang='grc' dir='ltr'><strong>θῲυω</strong></span> 
     </span>
     <span class='ocr_line' id='line_1_9' title="bbox 218 1263 1323 1355; baseline 0.004 -25"><span class='ocrx_word' id='word_1_63' title='bbox 218 1273 251 1330; x_wconf 90' lang='lat' dir='ltr'><strong>et</strong></span> <span class='ocrx_word' id='word_1_64' title='bbox 271 1265 424 1348; x_wconf 70' lang='grc' dir='ltr'><strong>λεγέμεναι</strong></span> <span class='ocrx_word' id='word_1_65' title='bbox 440 1275 514 1330; x_wconf 69' lang='lat' dir='ltr'><strong>&#39;orta</strong></span> <span class='ocrx_word' id='word_1_66' title='bbox 535 1287 630 1342; x_wconf 80' lang='lat' dir='ltr'><strong>ease,</strong></span> <span class='ocrx_word' id='word_1_67' title='bbox 660 1264 760 1353; x_wconf 90' lang='lat' dir='ltr'><strong>idque</strong></span> <span class='ocrx_word' id='word_1_68' title='bbox 788 1263 960 1330; x_wconf 76' lang='lat' dir='ltr'><strong>verissime</strong></span> <span class='ocrx_word' id='word_1_69' title='bbox 988 1265 1181 1351; x_wconf 75' lang='lat' dir='ltr'><strong>contendit,</strong></span> <span class='ocrx_word' id='word_1_70' title='bbox 1216 1291 1323 1355; x_wconf 80' lang='lat' dir='ltr'><strong>qm·</strong></span> 
     </span>
     <span class='ocr_line' id='line_1_10' title="bbox 218 1366 1322 1458; baseline 0.003 -26"><span class='ocrx_word' id='word_1_71' title='bbox 218 1389 315 1458; x_wconf 86' lang='lat' dir='ltr'><strong>quam</strong></span> <span class='ocrx_word' id='word_1_72' title='bbox 347 1367 543 1456; x_wconf 75' lang='lat' dir='ltr'><strong>diphthongi</strong></span> <span class='ocrx_word' id='word_1_73' title='bbox 574 1367 610 1432; x_wconf 91' lang='lat' dir='ltr'><strong>in</strong></span> <span class='ocrx_word' id='word_1_74' title='bbox 641 1367 707 1434; x_wconf 80' lang='lat' dir='ltr'><strong>fine</strong></span> <span class='ocrx_word' id='word_1_75' title='bbox 735 1367 967 1434; x_wconf 75' lang='lat' dir='ltr'><strong>vocabulorum</strong></span> <span class='ocrx_word' id='word_1_76' title='bbox 999 1366 1147 1454; x_wconf 77' lang='lat' dir='ltr'><strong>ahJeetae</strong></span> <span class='ocrx_word' id='word_1_77' title='bbox 1178 1369 1322 1435; x_wconf 77' lang='lat' dir='ltr'><strong>altem</strong></span> 
     </span>
     <span class='ocr_line' id='line_1_11' title="bbox 217 1469 1323 1560; baseline 0.004 -26"><span class='ocrx_word' id='word_1_78' title='bbox 217 1469 405 1560; x_wconf 81' lang='lat' dir='ltr'><strong>exemplum</strong></span> <span class='ocrx_word' id='word_1_79' title='bbox 427 1493 493 1535; x_wconf 89' lang='lat' dir='ltr'><strong>non</strong></span> <span class='ocrx_word' id='word_1_80' title='bbox 514 1481 624 1555; x_wconf 77' lang='lat' dir='ltr'><strong>extat3</strong></span> <span class='ocrx_word' id='word_1_81' title='bbox 658 1491 766 1560; x_wconf 86' lang='lat' dir='ltr'><strong>neque</strong></span> <span class='ocrx_word' id='word_1_82' title='bbox 796 1493 869 1534; x_wconf 87' lang='lat' dir='ltr'><strong>raro</strong></span> <span class='ocrx_word' id='word_1_83' title='bbox 891 1470 927 1534; x_wconf 90' lang='lat' dir='ltr'><strong>in</strong></span> <span class='ocrx_word' id='word_1_84' title='bbox 948 1469 1092 1559; x_wconf 70' lang='lat' dir='ltr'><strong>singulis</strong></span> <span class='ocrx_word' id='word_1_85' title='bbox 1115 1471 1323 1560; x_wconf 76' lang='lat' dir='ltr'><strong>quihuadn</strong></span> 
     </span>
     <span class='ocr_line' id='line_1_12' title="bbox 217 1571 1321 1664; baseline 0.003 -26"><span class='ocrx_word' id='word_1_86' title='bbox 217 1595 275 1638; x_wconf 86' lang='lat' dir='ltr'><strong>eae</strong></span> <span class='ocrx_word' id='word_1_87' title='bbox 298 1594 513 1639; x_wconf 81' lang='lat' dir='ltr'><strong>consonarum</strong></span> <span class='ocrx_word' id='word_1_88' title='bbox 536 1571 788 1659; x_wconf 79' lang='lat' dir='ltr'><strong>conjunctiones</strong></span> <span class='ocrx_word' id='word_1_89' title='bbox 812 1583 940 1663; x_wconf 84' lang='lat' dir='ltr'><strong>spretae</strong></span> <span class='ocrx_word' id='word_1_90' title='bbox 961 1582 1056 1657; x_wconf 86' lang='lat' dir='ltr'><strong>eunt,</strong></span> <span class='ocrx_word' id='word_1_91' title='bbox 1078 1574 1232 1662; x_wconf 70' lang='lat' dir='ltr'><strong>quadiu</strong></span> <span class='ocrx_word' id='word_1_92' title='bbox 1254 1575 1321 1664; x_wconf 78' lang='lat' dir='ltr'><strong>ple·</strong></span> 
     </span>
     <span class='ocr_line' id='line_1_13' title="bbox 216 1673 1318 1765; baseline 0.001 -25"><span class='ocrx_word' id='word_1_93' title='bbox 216 1674 331 1765; x_wconf 81' lang='lat' dir='ltr'><strong>risque</strong></span> <span class='ocrx_word' id='word_1_94' title='bbox 353 1673 438 1741; x_wconf 89' lang='lat' dir='ltr'><strong>nihil</strong></span> <span class='ocrx_word' id='word_1_95' title='bbox 460 1675 651 1742; x_wconf 84' lang='lat' dir='ltr'><strong>oll&#39;enaionia</strong></span> <span class='ocrx_word' id='word_1_96' title='bbox 674 1675 876 1758; x_wconf 86' lang='lat' dir='ltr'><strong>habuerunt,</strong></span> <span class='ocrx_word' id='word_1_97' title='bbox 912 1683 949 1740; x_wconf 90' lang='lat' dir='ltr'><strong>nt</strong></span> <span class='ocrx_word' id='word_1_98' title='bbox 977 1676 1048 1757; x_wconf 81' lang='grc' dir='ltr'>ἐσμι</span> <span class='ocrx_word' id='word_1_99' title='bbox 1066 1675 1105 1740; x_wconf 92' lang='lat' dir='ltr'><strong>in</strong></span> <span class='ocrx_word' id='word_1_100' title='bbox 1127 1678 1195 1758; x_wconf 78' lang='grc' dir='ltr'>εἰμι’</span> <span class='ocrx_word' id='word_1_101' title='bbox 1217 1688 1318 1741; x_wconf 79' lang='lat' dir='ltr'><strong>mata·</strong></span> 
     </span>
     <span class='ocr_line' id='line_1_14' title="bbox 216 1777 1317 1866; baseline 0.003 -25"><span class='ocrx_word' id='word_1_102' title='bbox 216 1785 365 1860; x_wconf 68' lang='lat' dir='ltr'><strong>tument,</strong></span> <span class='ocrx_word' id='word_1_103' title='bbox 388 1799 574 1866; x_wconf 89' lang='lat' dir='ltr'><strong>quanquam</strong></span> <span class='ocrx_word' id='word_1_104' title='bbox 596 1779 761 1846; x_wconf 82' lang='lat' dir='ltr'><strong>eoneonia.</strong></span> <span class='ocrx_word' id='word_1_105' title='bbox 776 1798 817 1861; x_wconf 71' lang='grc' dir='ltr'><strong>σμ</strong></span> <span class='ocrx_word' id='word_1_106' title='bbox 837 1777 1024 1865; x_wconf 84' lang='lat' dir='ltr'><strong>conjunctis</strong></span> <span class='ocrx_word' id='word_1_107' title='bbox 1038 1777 1125 1844; x_wconf 88' lang='lat' dir='ltr'><strong>nihil</strong></span> <span class='ocrx_word' id='word_1_108' title='bbox 1137 1777 1317 1846; x_wconf 66' lang='lat' dir='ltr'><strong>infima</strong></span> 
     </span>
     <span class='ocr_line' id='line_1_15' title="bbox 215 1879 1318 1970; baseline 0.002 -24"><span class='ocrx_word' id='word_1_109' title='bbox 215 1879 333 1970; x_wconf 71' lang='lat' dir='ltr'><strong>lingua</strong></span> <span class='ocrx_word' id='word_1_110' title='bbox 346 1880 564 1969; x_wconf 78' lang='lat' dir='ltr'><strong>frequentius.</strong></span> <span class='ocrx_word' id='word_1_111' title='bbox 609 1881 762 1948; x_wconf 79' lang='lat' dir='ltr'><strong>Alterum</strong></span> <span class='ocrx_word' id='word_1_112' title='bbox 782 1892 1007 1968; x_wconf 73' lang='lat' dir='ltr'><strong>argumentum</strong></span> <span class='ocrx_word' id='word_1_113' title='bbox 1025 1879 1069 1945; x_wconf 81' lang='lat' dir='ltr'><strong>iia</strong></span> <span class='ocrx_word' id='word_1_114' title='bbox 1084 1903 1156 1946; x_wconf 88' lang='lat' dir='ltr'><strong>non</strong></span> <span class='ocrx_word' id='word_1_115' title='bbox 1173 1881 1318 1948; x_wconf 82' lang='lat' dir='ltr'><strong>multu</strong></span> 
     </span>
     <span class='ocr_line' id='line_1_16' title="bbox 215 1981 1316 2076; baseline 0.003 -29"><span class='ocrx_word' id='word_1_116' title='bbox 215 1982 324 2048; x_wconf 81' lang='lat' dir='ltr'><strong>valere</strong></span> <span class='ocrx_word' id='word_1_117' title='bbox 344 1981 526 2068; x_wconf 81' lang='lat' dir='ltr'><strong>videbitur,</strong></span> <span class='ocrx_word' id='word_1_118' title='bbox 560 1984 618 2074; x_wconf 89' lang='lat' dir='ltr'><strong>qui</strong></span> <span class='ocrx_word' id='word_1_119' title='bbox 639 1983 864 2063; x_wconf 81' lang='lat' dir='ltr'><strong>meminerint,</strong></span> <span class='ocrx_word' id='word_1_120' title='bbox 898 2007 995 2076; x_wconf 87' lang='lat' dir='ltr'><strong>quam</strong></span> <span class='ocrx_word' id='word_1_121' title='bbox 1016 2005 1114 2073; x_wconf 82' lang='lat' dir='ltr'><strong>raepe</strong></span> <span class='ocrx_word' id='word_1_122' title='bbox 1133 1983 1172 2048; x_wconf 85' lang='lat' dir='ltr'><strong>iar</strong></span> <span class='ocrx_word' id='word_1_123' title='bbox 1196 1983 1316 2050; x_wconf 79' lang='lat' dir='ltr'><strong>forma·</strong></span> 
     </span>
     <span class='ocr_line' id='line_1_17' title="bbox 215 2085 1315 2176; baseline 0.002 -26"><span class='ocrx_word' id='word_1_124' title='bbox 215 2107 289 2150; x_wconf 85' lang='lat' dir='ltr'><strong>rum</strong></span> <span class='ocrx_word' id='word_1_125' title='bbox 311 2085 592 2173; x_wconf 75' lang='lat' dir='ltr'><strong>grammaticarum</strong></span> <span class='ocrx_word' id='word_1_126' title='bbox 615 2085 815 2153; x_wconf 74' lang='lat' dir='ltr'><strong>derivatione</strong></span> <span class='ocrx_word' id='word_1_127' title='bbox 841 2107 903 2176; x_wconf 84' lang='lat' dir='ltr'><strong>per</strong></span> <span class='ocrx_word' id='word_1_128' title='bbox 929 2109 966 2151; x_wconf 90' lang='lat' dir='ltr'><strong>ea</strong></span> <span class='ocrx_word' id='word_1_129' title='bbox 986 2085 1238 2176; x_wconf 80' lang='lat' dir='ltr'><strong>procedendum</strong></span> <span class='ocrx_word' id='word_1_130' title='bbox 1260 2085 1315 2169; x_wconf 80' lang='lat' dir='ltr'><strong>ait,</strong></span> 
     </span>
     <span class='ocr_line' id='line_1_18' title="bbox 215 2188 1314 2274; baseline 0.004 -25"><span class='ocrx_word' id='word_1_131' title='bbox 215 2207 298 2274; x_wconf 83' lang='lat' dir='ltr'><strong>quae</strong></span> <span class='ocrx_word' id='word_1_132' title='bbox 327 2197 384 2250; x_wconf 88' lang='lat' dir='ltr'><strong>ant</strong></span> <span class='ocrx_word' id='word_1_133' title='bbox 411 2209 578 2274; x_wconf 87' lang='lat' dir='ltr'><strong>nunquam</strong></span> <span class='ocrx_word' id='word_1_134' title='bbox 605 2188 642 2252; x_wconf 91' lang='lat' dir='ltr'><strong>in</strong></span> <span class='ocrx_word' id='word_1_135' title='bbox 672 2211 736 2254; x_wconf 84' lang='lat' dir='ltr'><strong>uen</strong></span> <span class='ocrx_word' id='word_1_136' title='bbox 765 2188 902 2253; x_wconf 79' lang='lat' dir='ltr'><strong>inerunt</strong></span> <span class='ocrx_word' id='word_1_137' title='bbox 922 2197 977 2254; x_wconf 89' lang='lat' dir='ltr'><strong>aut</strong></span> <span class='ocrx_word' id='word_1_138' title='bbox 996 2201 1121 2254; x_wconf 90' lang='lat' dir='ltr'><strong>mature</strong></span> <span class='ocrx_word' id='word_1_139' title='bbox 1143 2189 1314 2256; x_wconf 76' lang='lat' dir='ltr'><strong>obsoleve-</strong></span> 
     </span>
     <span class='ocr_line' id='line_1_19' title="bbox 215 2286 1313 2381; baseline 0.004 -29"><span class='ocrx_word' id='word_1_140' title='bbox 215 2297 301 2352; x_wconf 90' lang='lat' dir='ltr'><strong>runt.</strong></span> <span class='ocrx_word' id='word_1_141' title='bbox 348 2286 502 2352; x_wconf 86' lang='lat' dir='ltr'><strong>Ceterum</strong></span> <span class='ocrx_word' id='word_1_142' title='bbox 525 2287 598 2376; x_wconf 85' lang='lat' dir='ltr'><strong>ipse</strong></span> <span class='ocrx_word' id='word_1_143' title='bbox 613 2287 748 2354; x_wconf 82' lang='lat' dir='ltr'><strong>Curtius</strong></span> <span class='ocrx_word' id='word_1_144' title='bbox 769 2289 925 2356; x_wconf 84' lang='lat' dir='ltr'><strong>inlinitivi</strong></span> <span class='ocrx_word' id='word_1_145' title='bbox 946 2290 1130 2380; x_wconf 80' lang='lat' dir='ltr'><strong>antiquitus</strong></span> <span class='ocrx_word' id='word_1_146' title='bbox 1145 2291 1313 2381; x_wconf 75' lang='lat' dir='ltr'><strong>duplieen</strong></span> 
     </span>
     <span class='ocr_line' id='line_1_20' title="bbox 217 2387 1314 2477; baseline 0.005 -23"><span class='ocrx_word' id='word_1_147' title='bbox 217 2387 482 2456; x_wconf 77' lang='lat' dir='ltr'><strong>terminationem</strong></span> <span class='ocrx_word' id='word_1_148' title='bbox 506 2389 610 2458; x_wconf 82' lang='lat' dir='ltr'><strong>lniaee</strong></span> <span class='ocrx_word' id='word_1_149' title='bbox 632 2391 764 2477; x_wconf 78' lang='lat' dir='ltr'><strong>statuit,</strong></span> <span class='ocrx_word' id='word_1_150' title='bbox 793 2415 882 2473; x_wconf 78' lang='grc' dir='ltr'><strong><em>μεναι</em></strong></span> <span class='ocrx_word' id='word_1_151' title='bbox 902 2404 936 2459; x_wconf 89' lang='lat' dir='ltr'><strong>et</strong></span> <span class='ocrx_word' id='word_1_152' title='bbox 957 2418 1033 2459; x_wconf 71' lang='lat' dir='ltr'><strong>aroc.</strong></span> <span class='ocrx_word' id='word_1_153' title='bbox 1078 2392 1134 2460; x_wconf 78' lang='lat' dir='ltr'><strong>Ad</strong></span> <span class='ocrx_word' id='word_1_154' title='bbox 1155 2395 1245 2460; x_wconf 86' lang='lat' dir='ltr'><strong>hane</strong></span> <span class='ocrx_word' id='word_1_155' title='bbox 1268 2417 1314 2459; x_wconf 87' lang='lat' dir='ltr'><strong>re·</strong></span> 
     </span>
    </p>

    <p class='ocr_par' dir='ltr' id='par_1_4' title="bbox 178 2487 1313 3296">
     <span class='ocr_line' id='line_1_21' title="bbox 178 2487 1313 2584; baseline 0.004 -26"><span class='ocrx_word' id='word_1_156' title='bbox 178 2487 184 2494; x_wconf 66' lang='grc'><strong><em>’</em></strong></span> <span class='ocrx_word' id='word_1_157' title='bbox 214 2492 280 2560; x_wconf 80' lang='lat' dir='ltr'><strong>fert</strong></span> <span class='ocrx_word' id='word_1_158' title='bbox 305 2491 445 2573; x_wconf 78' lang='lat' dir='ltr'><strong>nate&#39;rna,</strong></span> <span class='ocrx_word' id='word_1_159' title='bbox 481 2493 759 2581; x_wconf 75' lang='lat' dir='ltr'><strong>suspectissimam</strong></span> <span class='ocrx_word' id='word_1_160' title='bbox 791 2494 878 2584; x_wconf 84' lang='lat' dir='ltr'><strong>apud</strong></span> <span class='ocrx_word' id='word_1_161' title='bbox 898 2495 1127 2561; x_wconf 77' lang='lat' dir='ltr'><strong>Parmeniden</strong></span> <span class='ocrx_word' id='word_1_162' title='bbox 1158 2495 1313 2580; x_wconf 75' lang='lat' dir='ltr'><strong>domam,</strong></span> 
     </span>
     <span class='ocr_line' id='line_1_22' title="bbox 218 2595 1313 2686; baseline 0.005 -26"><span class='ocrx_word' id='word_1_163' title='bbox 218 2597 349 2681; x_wconf 76' lang='grc' dir='ltr'><strong>εἰδέναι,</strong></span> <span class='ocrx_word' id='word_1_164' title='bbox 368 2597 546 2680; x_wconf 77' lang='lat' dir='ltr'><strong>-drdorirnr,</strong></span> <span class='ocrx_word' id='word_1_165' title='bbox 581 2595 670 2686; x_wconf 90' lang='lat' dir='ltr'><strong>quod</strong></span> <span class='ocrx_word' id='word_1_166' title='bbox 691 2621 709 2662; x_wconf 92' lang='lat' dir='ltr'><strong>e</strong></span> <span class='ocrx_word' id='word_1_167' title='bbox 732 2599 868 2662; x_wconf 79' lang='lat' dir='ltr'><strong>dadoernr</strong></span> <span class='ocrx_word' id='word_1_168' title='bbox 888 2607 994 2663; x_wconf 85' lang='lat' dir='ltr'><strong>ortum</strong></span> <span class='ocrx_word' id='word_1_169' title='bbox 1016 2597 1097 2662; x_wconf 87' lang='lat' dir='ltr'><strong>dieit</strong></span> <span class='ocrx_word' id='word_1_170' title='bbox 1118 2609 1184 2666; x_wconf 82' lang='lat' dir='ltr'><strong>ete.</strong></span> <span class='ocrx_word' id='word_1_171' title='bbox 1238 2597 1313 2682; x_wconf 79' lang='lat' dir='ltr'><strong>Qua</strong></span> 
     </span>
     <span class='ocr_line' id='line_1_23' title="bbox 215 2698 1313 2789; baseline 0.004 -25"><span class='ocrx_word' id='word_1_172' title='bbox 215 2698 252 2764; x_wconf 88' lang='lat' dir='ltr'><strong>in</strong></span> <span class='ocrx_word' id='word_1_173' title='bbox 274 2721 310 2763; x_wconf 88' lang='lat' dir='ltr'><strong>re</strong></span> <span class='ocrx_word' id='word_1_174' title='bbox 331 2699 472 2789; x_wconf 84' lang='lat' dir='ltr'><strong>primum</strong></span> <span class='ocrx_word' id='word_1_175' title='bbox 495 2699 557 2765; x_wconf 88' lang='lat' dir='ltr'><strong>hoe</strong></span> <span class='ocrx_word' id='word_1_176' title='bbox 578 2709 698 2764; x_wconf 90' lang='lat' dir='ltr'><strong>temere</strong></span> <span class='ocrx_word' id='word_1_177' title='bbox 717 2699 830 2784; x_wconf 78' lang='lat' dir='ltr'><strong>finxit,</strong></span> <span class='ocrx_word' id='word_1_178' title='bbox 864 2723 933 2766; x_wconf 88' lang='lat' dir='ltr'><strong>eam</strong></span> <span class='ocrx_word' id='word_1_179' title='bbox 956 2699 1220 2766; x_wconf 83' lang='lat' dir='ltr'><strong>terminationem</strong></span> <span class='ocrx_word' id='word_1_180' title='bbox 1242 2723 1313 2768; x_wconf 79' lang='lat' dir='ltr'><strong>ver·</strong></span> 
     </span>
     <span class='ocr_line' id='line_1_24' title="bbox 215 2800 1309 2892; baseline 0.006 -28"><span class='ocrx_word' id='word_1_181' title='bbox 215 2800 331 2866; x_wconf 89' lang='lat' dir='ltr'><strong>horum</strong></span> <span class='ocrx_word' id='word_1_182' title='bbox 354 2801 390 2865; x_wconf 91' lang='lat' dir='ltr'><strong>in</strong></span> <span class='ocrx_word' id='word_1_183' title='bbox 413 2826 438 2864; x_wconf 82' lang='lat' dir='ltr'><strong>o</strong></span> <span class='ocrx_word' id='word_1_184' title='bbox 461 2823 561 2890; x_wconf 84' lang='lat' dir='ltr'><strong>purae</strong></span> <span class='ocrx_word' id='word_1_185' title='bbox 581 2801 684 2867; x_wconf 81' lang='lat' dir='ltr'><strong>radici</strong></span> <span class='ocrx_word' id='word_1_186' title='bbox 705 2803 792 2890; x_wconf 72' lang='lat' dir='ltr'><strong>atligi</strong></span> <span class='ocrx_word' id='word_1_187' title='bbox 812 2802 983 2892; x_wconf 78' lang='lat' dir='ltr'><strong>potuisse,</strong></span> <span class='ocrx_word' id='word_1_188' title='bbox 1007 2801 1126 2868; x_wconf 90' lang='lat' dir='ltr'><strong>deinde</strong></span> <span class='ocrx_word' id='word_1_189' title='bbox 1147 2803 1309 2892; x_wconf 76' lang='lat' dir='ltr'><strong>neglexit,</strong></span> 
     </span>
     <span class='ocr_line' id='line_1_25' title="bbox 214 2897 1311 2990; baseline 0.005 -26"><span class='ocrx_word' id='word_1_190' title='bbox 214 2899 430 2987; x_wconf 84' lang='lat' dir='ltr'><strong>antiquiorem</strong></span> <span class='ocrx_word' id='word_1_191' title='bbox 451 2897 601 2990; x_wconf 74' lang='lat' dir='ltr'><strong>linguam</strong></span> <span class='ocrx_word' id='word_1_192' title='bbox 622 2904 756 2970; x_wconf 89' lang='lat' dir='ltr'><strong>omnino</strong></span> <span class='ocrx_word' id='word_1_193' title='bbox 783 2903 915 2970; x_wconf 83' lang='lat' dir='ltr'><strong>brevem</strong></span> <span class='ocrx_word' id='word_1_194' title='bbox 935 2904 1081 2972; x_wconf 79' lang='lat' dir='ltr'><strong>voenlem</strong></span> <span class='ocrx_word' id='word_1_195' title='bbox 1102 2913 1179 2970; x_wconf 86' lang='lat' dir='ltr'><strong>aute</strong></span> <span class='ocrx_word' id='word_1_196' title='bbox 1202 2905 1311 2972; x_wconf 84' lang='lat' dir='ltr'><strong>termi-</strong></span> 
     </span>
     <span class='ocr_line' id='line_1_26' title="bbox 213 3001 1312 3096; baseline 0.005 -30"><span class='ocrx_word' id='word_1_197' title='bbox 213 3001 378 3066; x_wconf 83' lang='lat' dir='ltr'><strong>nationem</strong></span> <span class='ocrx_word' id='word_1_198' title='bbox 398 3027 449 3065; x_wconf 79' lang='grc' dir='ltr'><strong>ναι</strong></span> <span class='ocrx_word' id='word_1_199' title='bbox 472 3003 626 3091; x_wconf 78' lang='lat' dir='ltr'><strong>ignorare</strong></span> <span class='ocrx_word' id='word_1_200' title='bbox 647 3029 714 3071; x_wconf 91' lang='lat' dir='ltr'><strong>uno</strong></span> <span class='ocrx_word' id='word_1_201' title='bbox 736 3005 816 3070; x_wconf 73' lang='grc' dir='ltr'><strong><em>ἰέναι</em></strong></span> <span class='ocrx_word' id='word_1_202' title='bbox 837 3016 994 3096; x_wconf 77' lang='lat' dir='ltr'><strong>excepto,</strong></span> <span class='ocrx_word' id='word_1_203' title='bbox 1026 3005 1171 3094; x_wconf 85' lang='lat' dir='ltr'><strong>denique</strong></span> <span class='ocrx_word' id='word_1_204' title='bbox 1193 3028 1232 3070; x_wconf 83' lang='lat' dir='ltr'><strong>ea</strong></span> <span class='ocrx_word' id='word_1_205' title='bbox 1256 3031 1312 3072; x_wconf 84' lang='lat' dir='ltr'><strong>ex·</strong></span> 
     </span>
     <span class='ocr_line' id='line_1_27' title="bbox 212 3102 1311 3200; baseline 0.009 -34"><span class='ocrx_word' id='word_1_206' title='bbox 212 3102 389 3190; x_wconf 71' lang='lat' dir='ltr'><strong>cogitavit,</strong></span> <span class='ocrx_word' id='word_1_207' title='bbox 412 3127 455 3168; x_wconf 92' lang='lat' dir='ltr'><strong>ne</strong></span> <span class='ocrx_word' id='word_1_208' title='bbox 475 3105 664 3172; x_wconf 76' lang='lat' dir='ltr'><strong>haereamus</strong></span> <span class='ocrx_word' id='word_1_209' title='bbox 686 3106 722 3172; x_wconf 90' lang='lat' dir='ltr'><strong>in</strong></span> <span class='ocrx_word' id='word_1_210' title='bbox 743 3131 780 3174; x_wconf 90' lang='lat' dir='ltr'><strong>re</strong></span> <span class='ocrx_word' id='word_1_211' title='bbox 801 3109 842 3174; x_wconf 89' lang='lat' dir='ltr'><strong>ah</strong></span> <span class='ocrx_word' id='word_1_212' title='bbox 864 3111 926 3175; x_wconf 84' lang='lat' dir='ltr'><strong>hoe</strong></span> <span class='ocrx_word' id='word_1_213' title='bbox 940 3109 1015 3176; x_wconf 86' lang='lat' dir='ltr'><strong>loeo</strong></span> <span class='ocrx_word' id='word_1_214' title='bbox 1029 3107 1204 3194; x_wconf 82' lang='lat' dir='ltr'><strong>alieniore,</strong></span> <span class='ocrx_word' id='word_1_215' title='bbox 1226 3133 1311 3200; x_wconf 77' lang='lat' dir='ltr'><strong>quae</strong></span> 
     </span>
     <span class='ocr_line' id='line_1_28' title="bbox 212 3204 734 3296; baseline 0.013 -28"><span class='ocrx_word' id='word_1_216' title='bbox 212 3227 327 3294; x_wconf 85' lang='lat' dir='ltr'><strong>parum</strong></span> <span class='ocrx_word' id='word_1_217' title='bbox 348 3204 532 3296; x_wconf 80' lang='lat' dir='ltr'><strong>probabilia</strong></span> <span class='ocrx_word' id='word_1_218' title='bbox 552 3206 734 3275; x_wconf 90' lang='lat' dir='ltr'><strong>videantur.</strong></span> 
     </span>
    </p>

    <p class='ocr_par' dir='ltr' id='par_1_5' title="bbox 295 3307 1096 3400">
     <span class='ocr_line' id='line_1_29' title="bbox 295 3307 1096 3400; baseline -0.002 -26"><span class='ocrx_word' id='word_1_219' title='bbox 295 3307 395 3395; x_wconf 70' lang='lat' dir='ltr'><strong>Peg.</strong></span> <span class='ocrx_word' id='word_1_220' title='bbox 418 3308 506 3376; x_wconf 85' lang='grc'><strong>931.</strong></span> <span class='ocrx_word' id='word_1_221' title='bbox 529 3309 571 3376; x_wconf 76' lang='lat'><strong>25</strong></span> <span class='ocrx_word' id='word_1_222' title='bbox 592 3311 658 3400; x_wconf 78' lang='lat' dir='ltr'><strong>leg.</strong></span> <span class='ocrx_word' id='word_1_223' title='bbox 681 3312 831 3378; x_wconf 80' lang='lat' dir='ltr'><strong>Eustath.</strong></span> <span class='ocrx_word' id='word_1_224' title='bbox 857 3310 960 3396; x_wconf 82' lang='lat'><strong>1535,</strong></span> <span class='ocrx_word' id='word_1_225' title='bbox 981 3312 1036 3379; x_wconf 81' lang='grc'><strong>49.</strong></span> <span class='ocrx_word' id='word_1_226' title='bbox 1093 3367 1096 3372; x_wconf 87' lang='grc'><strong>,</strong></span> 
     </span>
    </p>

    <p class='ocr_par' dir='ltr' id='par_1_6' title="bbox 212 3409 1312 3708">
     <span class='ocr_line' id='line_1_30' title="bbox 295 3409 1312 3501; baseline 0.007 -24"><span class='ocrx_word' id='word_1_227' title='bbox 295 3447 338 3461; x_wconf 88' lang='grc'>-</span> <span class='ocrx_word' id='word_1_228' title='bbox 371 3409 397 3476; x_wconf 90' lang='grc'><strong>1.</strong></span> <span class='ocrx_word' id='word_1_229' title='bbox 421 3411 473 3478; x_wconf 84' lang='grc'><strong>39.</strong></span> <span class='ocrx_word' id='word_1_230' title='bbox 528 3410 670 3478; x_wconf 71' lang='lat' dir='ltr'><strong>Mettum</strong></span> <span class='ocrx_word' id='word_1_231' title='bbox 697 3411 793 3478; x_wconf 86' lang='lat' dir='ltr'><strong>etiam</strong></span> <span class='ocrx_word' id='word_1_232' title='bbox 823 3412 915 3498; x_wconf 76' lang='lat' dir='ltr'><strong>dorae</strong></span> <span class='ocrx_word' id='word_1_233' title='bbox 942 3412 1063 3501; x_wconf 87' lang='lat' dir='ltr'><strong>patitur</strong></span> <span class='ocrx_word' id='word_1_234' title='bbox 1089 3413 1167 3480; x_wconf 80' lang='lat' dir='ltr'><strong>Ale.</strong></span> <span class='ocrx_word' id='word_1_235' title='bbox 1200 3415 1244 3482; x_wconf 75' lang='lat'><strong>74</strong></span> <span class='ocrx_word' id='word_1_236' title='bbox 1279 3429 1312 3484; x_wconf 85' lang='lat' dir='ltr'><strong>et</strong></span> 
     </span>
     <span class='ocr_line' id='line_1_31' title="bbox 212 3511 1310 3605; baseline 0.007 -27"><span class='ocrx_word' id='word_1_237' title='bbox 212 3533 327 3578; x_wconf 83' lang='lat' dir='ltr'><strong>verane</strong></span> <span class='ocrx_word' id='word_1_238' title='bbox 350 3511 520 3603; x_wconf 83' lang='lat' dir='ltr'><strong>Sapphoni</strong></span> <span class='ocrx_word' id='word_1_239' title='bbox 542 3539 561 3580; x_wconf 89' lang='lat' dir='ltr'><strong>e</strong></span> <span class='ocrx_word' id='word_1_240' title='bbox 581 3515 769 3602; x_wconf 79' lang='lat' dir='ltr'><strong>conjectura</strong></span> <span class='ocrx_word' id='word_1_241' title='bbox 790 3513 973 3605; x_wconf 80' lang='lat' dir='ltr'><strong>adseriptoa</strong></span> <span class='ocrx_word' id='word_1_242' title='bbox 995 3516 1109 3596; x_wconf 65' lang='lat' dir='ltr'><strong>tell,</strong></span> <span class='ocrx_word' id='word_1_243' title='bbox 1127 3515 1197 3584; x_wconf 78' lang='lat' dir='ltr'><strong>7.ss</strong></span> <span class='ocrx_word' id='word_1_244' title='bbox 1218 3541 1310 3586; x_wconf 77' lang='lat' dir='ltr'><strong>nne</strong></span> 
     </span>
     <span class='ocr_line' id='line_1_32' title="bbox 212 3613 1276 3708; baseline 0.008 -30"><span class='ocrx_word' id='word_1_245' title='bbox 212 3613 309 3679; x_wconf 88' lang='lat' dir='ltr'><strong>etiam</strong></span> <span class='ocrx_word' id='word_1_246' title='bbox 330 3615 453 3681; x_wconf 74' lang='lat' dir='ltr'><strong>certius</strong></span> <span class='ocrx_word' id='word_1_247' title='bbox 476 3615 678 3682; x_wconf 84' lang='lat' dir='ltr'><strong>damnamus.</strong></span> <span class='ocrx_word' id='word_1_248' title='bbox 725 3619 878 3685; x_wconf 85' lang='lat' dir='ltr'><strong>Ceterum</strong></span> <span class='ocrx_word' id='word_1_249' title='bbox 900 3617 978 3702; x_wconf 74' lang='lat' dir='ltr'><strong>door</strong></span> <span class='ocrx_word' id='word_1_250' title='bbox 999 3629 1048 3683; x_wconf 85' lang='lat' dir='ltr'><strong>eat</strong></span> <span class='ocrx_word' id='word_1_251' title='bbox 1068 3617 1194 3708; x_wconf 81' lang='lat' dir='ltr'><strong>Sapph.</strong></span> <span class='ocrx_word' id='word_1_252' title='bbox 1216 3619 1276 3686; x_wconf 96' lang='grc'><strong>21.</strong></span> 
     </span>
    </p>

    <p class='ocr_par' dir='ltr' id='par_1_7' title="bbox 211 3717 1308 4010">
     <span class='ocr_line' id='line_1_33' title="bbox 294 3717 1308 3814; baseline 0.012 -34"><span class='ocrx_word' id='word_1_253' title='bbox 294 3717 390 3806; x_wconf 70' lang='lat' dir='ltr'><strong>Peg.</strong></span> <span class='ocrx_word' id='word_1_254' title='bbox 414 3718 458 3785; x_wconf 83' lang='grc'><strong>94</strong></span> <span class='ocrx_word' id='word_1_255' title='bbox 489 3717 515 3784; x_wconf 91' lang='grc'><strong>1.</strong></span> <span class='ocrx_word' id='word_1_256' title='bbox 536 3717 590 3786; x_wconf 80' lang='grc'><strong>25.</strong></span> <span class='ocrx_word' id='word_1_257' title='bbox 647 3719 746 3786; x_wconf 79' lang='lat' dir='ltr'><strong>Adde</strong></span> <span class='ocrx_word' id='word_1_258' title='bbox 774 3719 922 3806; x_wconf 72' lang='grc' dir='ltr'><strong><em>θῦρωρος</em></strong></span> <span class='ocrx_word' id='word_1_259' title='bbox 949 3717 1073 3809; x_wconf 78' lang='lat' dir='ltr'><strong>Sapph.</strong></span> <span class='ocrx_word' id='word_1_260' title='bbox 1103 3722 1166 3807; x_wconf 78' lang='grc'><strong>19,</strong></span> <span class='ocrx_word' id='word_1_261' title='bbox 1202 3743 1308 3814; x_wconf 77' lang='lat' dir='ltr'><strong>quun</strong></span> 
     </span>
     <span class='ocr_line' id='line_1_34' title="bbox 211 3814 1308 3907; baseline 0.012 -26"><span class='ocrx_word' id='word_1_262' title='bbox 211 3814 349 3901; x_wconf 72' lang='grc' dir='ltr'><strong>αὐλαρός</strong></span> <span class='ocrx_word' id='word_1_263' title='bbox 369 3817 527 3886; x_wconf 78' lang='lat' dir='ltr'><strong>Doricum</strong></span> <span class='ocrx_word' id='word_1_264' title='bbox 554 3845 627 3889; x_wconf 79' lang='lat' dir='ltr'><strong>erae</strong></span> <span class='ocrx_word' id='word_1_265' title='bbox 655 3823 803 3890; x_wconf 87' lang='lat' dir='ltr'><strong>videatur</strong></span> <span class='ocrx_word' id='word_1_266' title='bbox 830 3821 914 3888; x_wconf 80' lang='lat' dir='ltr'><strong>L.1</strong></span> <span class='ocrx_word' id='word_1_267' title='bbox 943 3821 976 3906; x_wconf 76' lang='lat'><strong>§-</strong></span> <span class='ocrx_word' id='word_1_268' title='bbox 998 3823 1060 3907; x_wconf 75' lang='lat'><strong>24,</strong></span> <span class='ocrx_word' id='word_1_269' title='bbox 1082 3824 1115 3891; x_wconf 90' lang='grc'><strong>8.</strong></span> <span class='ocrx_word' id='word_1_270' title='bbox 1171 3823 1220 3891; x_wconf 75' lang='lat' dir='ltr'><strong>Er</strong></span> <span class='ocrx_word' id='word_1_271' title='bbox 1252 3827 1308 3894; x_wconf 80' lang='lat' dir='ltr'><strong>laio</strong></span> 
     </span>
     <span class='ocr_line' id='line_1_35' title="bbox 211 3920 933 4010; baseline 0.004 -25"><span class='ocrx_word' id='word_1_272' title='bbox 211 3920 344 4010; x_wconf 82' lang='lat' dir='ltr'><strong>quidem</strong></span> <span class='ocrx_word' id='word_1_273' title='bbox 367 3945 392 3982; x_wconf 87' lang='grc' dir='ltr'><em>ω</em></span> <span class='ocrx_word' id='word_1_274' title='bbox 414 3923 496 3990; x_wconf 89' lang='lat' dir='ltr'><strong>adeo</strong></span> <span class='ocrx_word' id='word_1_275' title='bbox 518 3948 559 3989; x_wconf 85' lang='lat' dir='ltr'><strong>ex</strong></span> <span class='ocrx_word' id='word_1_276' title='bbox 582 3951 628 3988; x_wconf 84' lang='lat' dir='ltr'><strong>on</strong></span> <span class='ocrx_word' id='word_1_277' title='bbox 649 3925 771 3992; x_wconf 79' lang='lat' dir='ltr'><strong>laetum</strong></span> <span class='ocrx_word' id='word_1_278' title='bbox 792 3925 933 3994; x_wconf 81' lang='lat' dir='ltr'><strong>videtur.</strong></span> 
     </span>
    </p>

    <p class='ocr_par' dir='ltr' id='par_1_8' title="bbox 293 4022 849 4116">
     <span class='ocr_line' id='line_1_36' title="bbox 293 4022 849 4116; baseline 0.007 -27"><span class='ocrx_word' id='word_1_279' title='bbox 293 4023 388 4109; x_wconf 67' lang='lat' dir='ltr'><strong>Peg.</strong></span> <span class='ocrx_word' id='word_1_280' title='bbox 410 4022 500 4090; x_wconf 89' lang='grc'><strong>971.</strong></span> <span class='ocrx_word' id='word_1_281' title='bbox 522 4027 564 4092; x_wconf 89' lang='grc'><strong>17</strong></span> <span class='ocrx_word' id='word_1_282' title='bbox 586 4027 652 4116; x_wconf 71' lang='lat' dir='ltr'><strong>leg.</strong></span> <span class='ocrx_word' id='word_1_283' title='bbox 675 4028 710 4112; x_wconf 64' lang='grc' dir='ltr'><strong>ἕ.</strong></span> <span class='ocrx_word' id='word_1_284' title='bbox 732 4030 793 4112; x_wconf 82' lang='grc'><strong>21,</strong></span> <span class='ocrx_word' id='word_1_285' title='bbox 816 4027 849 4094; x_wconf 83' lang='grc'><strong>6.</strong></span> 
     </span>
    </p>

    <p class='ocr_par' dir='ltr' id='par_1_9' title="bbox 294 4123 667 4216">
     <span class='ocr_line' id='line_1_37' title="bbox 294 4123 667 4216; baseline 0.019 -26"><span class='ocrx_word' id='word_1_286' title='bbox 294 4165 336 4177; x_wconf 92' lang='grc'>-</span> <span class='ocrx_word' id='word_1_287' title='bbox 357 4124 382 4190; x_wconf 93' lang='grc'><strong>1.</strong></span> <span class='ocrx_word' id='word_1_288' title='bbox 404 4123 447 4192; x_wconf 71' lang='grc'><strong>29</strong></span> <span class='ocrx_word' id='word_1_289' title='bbox 467 4125 534 4216; x_wconf 75' lang='lat' dir='ltr'><strong>leg.</strong></span> <span class='ocrx_word' id='word_1_290' title='bbox 558 4129 591 4210; x_wconf 68' lang='grc' dir='ltr'><strong>ἓ.</strong></span> <span class='ocrx_word' id='word_1_291' title='bbox 614 4131 667 4197; x_wconf 92' lang='grc'><strong>22.</strong></span> 
     </span>
    </p>

    <p class='ocr_par' dir='ltr' id='par_1_10' title="bbox 296 4227 1370 4322">
     <span class='ocr_line' id='line_1_38' title="bbox 296 4227 1370 4322; baseline 0.007 -30"><span class='ocrx_word' id='word_1_292' title='bbox 296 4227 394 4316; x_wconf 73' lang='lat' dir='ltr'><strong>Peg.</strong></span> <span class='ocrx_word' id='word_1_293' title='bbox 416 4228 459 4294; x_wconf 88' lang='grc'><strong>98</strong></span> <span class='ocrx_word' id='word_1_294' title='bbox 487 4253 545 4295; x_wconf 90' lang='lat' dir='ltr'><strong>nr.</strong></span> <span class='ocrx_word' id='word_1_295' title='bbox 569 4231 602 4295; x_wconf 89' lang='grc'><strong>7.</strong></span> <span class='ocrx_word' id='word_1_296' title='bbox 647 4231 785 4300; x_wconf 75' lang='lat' dir='ltr'><strong>Aeolica</strong></span> <span class='ocrx_word' id='word_1_297' title='bbox 806 4255 882 4301; x_wconf 79' lang='lat' dir='ltr'><strong>erae</strong></span> <span class='ocrx_word' id='word_1_298' title='bbox 902 4233 1070 4310; x_wconf 81' lang='lat' dir='ltr'><strong>videntur,</strong></span> <span class='ocrx_word' id='word_1_299' title='bbox 1093 4253 1176 4322; x_wconf 82' lang='lat' dir='ltr'><strong>qnae</strong></span> <span class='ocrx_word' id='word_1_300' title='bbox 1198 4229 1302 4298; x_wconf 81' lang='lat' dir='ltr'><strong>Area·</strong></span> <span class='ocrx_word' id='word_1_301' title='bbox 1369 4259 1370 4274; x_wconf 55' lang='lat'>¹</span> 
     </span>
    </p>
   </div>
   <div class='ocr_carea' id='block_1_3' title="bbox 0 0 1394 4748">
    <p class='ocr_par' dir='ltr' id='par_1_11' title="bbox 0 0 1394 4748">
     <span class='ocr_line' id='line_1_39' title="bbox 0 0 1394 4748; baseline 0 4"><span class='ocrx_word' id='word_1_302' title='bbox 0 0 1394 4748; x_wconf 95' lang='lat' dir='ltr'><strong> </strong></span> 
     </span>
    </p>
   </div>
  </div>
 </body>
</html>
