<?xml version="1.0" encoding="UTF-8"?>
<!DOCTYPE html PUBLIC "-//W3C//DTD XHTML 1.0 Transitional//EN"
    "http://www.w3.org/TR/xhtml1/DTD/xhtml1-transitional.dtd">
<html xmlns="http://www.w3.org/1999/xhtml" xml:lang="en" lang="en">
 <head>
  <title>
</title>
<meta http-equiv="Content-Type" content="text/html;charset=utf-8" />
  <meta name='ocr-system' content='tesseract 3.04.00' />
  <meta name='ocr-capabilities' content='ocr_page ocr_carea ocr_par ocr_line ocrx_word'/>
</head>
<body>
  <div class='ocr_page' id='page_1' title='image "./degraccaelingua01ahregoog_0313.png"; bbox 0 0 2844 4770; ppageno 0'>
   <div class='ocr_carea' id='block_1_1' title="bbox 231 408 267 453">
    <p class='ocr_par' dir='ltr' id='par_1_1' title="bbox 231 408 267 453">
     <span class='ocr_line' id='line_1_1' title="bbox 231 408 267 453; baseline 0.028 -1"><span class='ocrx_word' id='word_1_1' title='bbox 231 408 267 453; x_wconf 79' lang='lat' dir='ltr'><strong>Vl</strong></span> 
     </span>
    </p>
   </div>
   <div class='ocr_carea' id='block_1_2' title="bbox 117 585 1329 1198">
    <p class='ocr_par' dir='ltr' id='par_1_2' title="bbox 117 585 1329 1097">
     <span class='ocr_line' id='line_1_2' title="bbox 233 585 1327 687; baseline -0.001 -24"><span class='ocrx_word' id='word_1_2' title='bbox 233 589 322 664; x_wconf 79' lang='lat' dir='ltr'><strong>odeo</strong></span> <span class='ocrx_word' id='word_1_3' title='bbox 348 613 394 662; x_wconf 89' lang='lat' dir='ltr'><strong>ne</strong></span> <span class='ocrx_word' id='word_1_4' title='bbox 419 588 635 662; x_wconf 89' lang='lat' dir='ltr'><strong>tenotomico</strong></span> <span class='ocrx_word' id='word_1_5' title='bbox 665 586 811 687; x_wconf 82' lang='lat' dir='ltr'><strong>quidem</strong></span> <span class='ocrx_word' id='word_1_6' title='bbox 839 585 1127 682; x_wconf 84' lang='lat' dir='ltr'><strong>Diell&#39;enbacbii,</strong></span> <span class='ocrx_word' id='word_1_7' title='bbox 1171 587 1327 664; x_wconf 87' lang='lat' dir='ltr'><strong>clarissi-</strong></span> 
     </span>
     <span class='ocr_line' id='line_1_3' title="bbox 233 689 1328 792; baseline 0 -26"><span class='ocrx_word' id='word_1_8' title='bbox 233 693 283 766; x_wconf 89' lang='lat' dir='ltr'><strong>mi</strong></span> <span class='ocrx_word' id='word_1_9' title='bbox 308 693 396 784; x_wconf 82' lang='lat' dir='ltr'><strong>viri,</strong></span> <span class='ocrx_word' id='word_1_10' title='bbox 436 689 589 763; x_wconf 84' lang='lat' dir='ltr'><strong>artificio</strong></span> <span class='ocrx_word' id='word_1_11' title='bbox 614 692 707 764; x_wconf 82' lang='lat' dir='ltr'><strong>victa</strong></span> <span class='ocrx_word' id='word_1_12' title='bbox 737 691 919 788; x_wconf 89' lang='lat' dir='ltr'><strong>inceptum</strong></span> <span class='ocrx_word' id='word_1_13' title='bbox 945 714 1059 788; x_wconf 92' lang='lat' dir='ltr'><strong>opus,</strong></span> <span class='ocrx_word' id='word_1_14' title='bbox 1092 691 1191 792; x_wconf 88' lang='lat' dir='ltr'><strong>qnod</strong></span> <span class='ocrx_word' id='word_1_15' title='bbox 1217 695 1328 766; x_wconf 78' lang='lat' dir='ltr'><strong>innius</strong></span> 
     </span>
     <span class='ocr_line' id='line_1_4' title="bbox 231 790 1328 894; baseline 0 -27"><span class='ocrx_word' id='word_1_16' title='bbox 231 797 319 868; x_wconf 90' lang='lat' dir='ltr'><strong>anni</strong></span> <span class='ocrx_word' id='word_1_17' title='bbox 341 794 457 894; x_wconf 87' lang='lat' dir='ltr'><strong>spatio</strong></span> <span class='ocrx_word' id='word_1_18' title='bbox 481 791 619 866; x_wconf 85' lang='lat' dir='ltr'><strong>absolvi</strong></span> <span class='ocrx_word' id='word_1_19' title='bbox 646 817 752 891; x_wconf 89' lang='lat' dir='ltr'><strong>posse</strong></span> <span class='ocrx_word' id='word_1_20' title='bbox 785 790 873 864; x_wconf 90' lang='lat' dir='ltr'><strong>mibi</strong></span> <span class='ocrx_word' id='word_1_21' title='bbox 899 815 1168 890; x_wconf 73' lang='lat' dir='ltr'><strong>persuaseram,</strong></span> <span class='ocrx_word' id='word_1_22' title='bbox 1211 796 1328 869; x_wconf 90' lang='lat' dir='ltr'><strong>conti·</strong></span> 
     </span>
     <span class='ocr_line' id='line_1_5' title="bbox 232 893 1329 987; baseline -0.001 -17"><span class='ocrx_word' id='word_1_23' title='bbox 232 899 337 970; x_wconf 89' lang='lat' dir='ltr'><strong>noari</strong></span> <span class='ocrx_word' id='word_1_24' title='bbox 363 896 499 987; x_wconf 82' lang='lat' dir='ltr'><strong>vetuit,</strong></span> <span class='ocrx_word' id='word_1_25' title='bbox 538 893 652 969; x_wconf 92' lang='lat' dir='ltr'><strong>donec</strong></span> <span class='ocrx_word' id='word_1_26' title='bbox 678 893 880 968; x_wconf 76' lang='lat' dir='ltr'><strong>obstinatae</strong></span> <span class='ocrx_word' id='word_1_27' title='bbox 907 893 1052 967; x_wconf 84' lang='lat' dir='ltr'><strong>dextrae</strong></span> <span class='ocrx_word' id='word_1_28' title='bbox 1077 921 1211 968; x_wconf 84' lang='lat' dir='ltr'><strong>munus</strong></span> <span class='ocrx_word' id='word_1_29' title='bbox 1238 899 1329 970; x_wconf 89' lang='lat' dir='ltr'><strong>sini-</strong></span> 
     </span>
     <span class='ocr_line' id='line_1_6' title="bbox 117 994 1328 1097; baseline -0.002 -23"><span class='ocrx_word' id='word_1_30' title='bbox 117 1083 120 1090; x_wconf 45' lang='lat'><strong>,</strong></span> <span class='ocrx_word' id='word_1_31' title='bbox 230 1011 303 1074; x_wconf 87' lang='lat' dir='ltr'><strong>stra</strong></span> <span class='ocrx_word' id='word_1_32' title='bbox 340 999 522 1097; x_wconf 81' lang='lat' dir='ltr'><strong>suscipere</strong></span> <span class='ocrx_word' id='word_1_33' title='bbox 565 995 771 1093; x_wconf 75' lang='lat' dir='ltr'><strong>didicisset,</strong></span> <span class='ocrx_word' id='word_1_34' title='bbox 828 1008 865 1070; x_wconf 90' lang='lat' dir='ltr'><strong>et</strong></span> <span class='ocrx_word' id='word_1_35' title='bbox 896 994 1095 1070; x_wconf 83' lang='lat' dir='ltr'><strong>Muellerus</strong></span> <span class='ocrx_word' id='word_1_36' title='bbox 1132 999 1328 1072; x_wconf 85' lang='lat' dir='ltr'><strong>immetnra</strong></span> 
     </span>
    </p>

    <p class='ocr_par' dir='ltr' id='par_1_3' title="bbox 153 1096 1327 1198">
     <span class='ocr_line' id='line_1_7' title="bbox 153 1096 1327 1198; baseline -0.003 -22"><span class='ocrx_word' id='word_1_37' title='bbox 153 1159 155 1166; x_wconf 70' lang='lat'><strong>,</strong></span> <span class='ocrx_word' id='word_1_38' title='bbox 230 1113 344 1176; x_wconf 90' lang='lat' dir='ltr'><strong>morte</strong></span> <span class='ocrx_word' id='word_1_39' title='bbox 365 1103 405 1174; x_wconf 94' lang='lat' dir='ltr'><strong>in</strong></span> <span class='ocrx_word' id='word_1_40' title='bbox 424 1102 502 1198; x_wconf 91' lang='lat' dir='ltr'><strong>ipsa</strong></span> <span class='ocrx_word' id='word_1_41' title='bbox 517 1099 668 1174; x_wconf 85' lang='lat' dir='ltr'><strong>Graecia</strong></span> <span class='ocrx_word' id='word_1_42' title='bbox 686 1097 857 1198; x_wconf 87' lang='lat' dir='ltr'><strong>abreptus</strong></span> <span class='ocrx_word' id='word_1_43' title='bbox 883 1096 1005 1172; x_wconf 88' lang='lat' dir='ltr'><strong>orbem</strong></span> <span class='ocrx_word' id='word_1_44' title='bbox 1030 1111 1206 1172; x_wconf 86' lang='lat' dir='ltr'><strong>terrarum</strong></span> <span class='ocrx_word' id='word_1_45' title='bbox 1224 1125 1327 1176; x_wconf 88' lang='lat' dir='ltr'><strong>acer·</strong></span> 
     </span>
    </p>
   </div>
   <div class='ocr_carea' id='block_1_3' title="bbox 206 1200 1329 4370">
    <p class='ocr_par' dir='ltr' id='par_1_4' title="bbox 218 1200 1329 3013">
     <span class='ocr_line' id='line_1_8' title="bbox 229 1200 1329 1302; baseline -0.002 -24"><span class='ocrx_word' id='word_1_46' title='bbox 229 1203 378 1278; x_wconf 88' lang='lat' dir='ltr'><strong>bissimo</strong></span> <span class='ocrx_word' id='word_1_47' title='bbox 409 1201 511 1277; x_wconf 90' lang='lat' dir='ltr'><strong>luctu</strong></span> <span class='ocrx_word' id='word_1_48' title='bbox 538 1201 713 1302; x_wconf 83' lang='lat' dir='ltr'><strong>implevit.</strong></span> <span class='ocrx_word' id='word_1_49' title='bbox 789 1201 918 1300; x_wconf 88' lang='lat' dir='ltr'><strong>ltaque</strong></span> <span class='ocrx_word' id='word_1_50' title='bbox 944 1200 1044 1273; x_wconf 91' lang='lat' dir='ltr'><strong>aliud</strong></span> <span class='ocrx_word' id='word_1_51' title='bbox 1075 1227 1204 1274; x_wconf 90' lang='lat' dir='ltr'><strong>nomen</strong></span> <span class='ocrx_word' id='word_1_52' title='bbox 1236 1201 1329 1276; x_wconf 88' lang='lat' dir='ltr'><strong>huic</strong></span> 
     </span>
     <span class='ocr_line' id='line_1_9' title="bbox 227 1301 1322 1406; baseline -0.004 -26"><span class='ocrx_word' id='word_1_53' title='bbox 227 1305 404 1380; x_wconf 81' lang='lat' dir='ltr'><strong>volumini</strong></span> <span class='ocrx_word' id='word_1_54' title='bbox 441 1305 736 1402; x_wconf 83' lang='lat' dir='ltr'><strong>circumspiciens</strong></span> <span class='ocrx_word' id='word_1_55' title='bbox 773 1305 879 1406; x_wconf 82' lang='lat' dir='ltr'><strong>(nam</strong></span> <span class='ocrx_word' id='word_1_56' title='bbox 915 1301 1029 1377; x_wconf 90' lang='lat' dir='ltr'><strong>libros</strong></span> <span class='ocrx_word' id='word_1_57' title='bbox 1069 1302 1322 1377; x_wconf 83' lang='lat' dir='ltr'><strong>defunctorum</strong></span> 
     </span>
     <span class='ocr_line' id='line_1_10' title="bbox 229 1403 1325 1505; baseline -0.006 -23"><span class='ocrx_word' id='word_1_58' title='bbox 229 1407 394 1482; x_wconf 89' lang='lat' dir='ltr'><strong>manibus</strong></span> <span class='ocrx_word' id='word_1_59' title='bbox 426 1405 615 1481; x_wconf 85' lang='lat' dir='ltr'><strong>dedicandi</strong></span> <span class='ocrx_word' id='word_1_60' title='bbox 647 1433 783 1480; x_wconf 88' lang='lat' dir='ltr'><strong>morem</strong></span> <span class='ocrx_word' id='word_1_61' title='bbox 815 1431 939 1505; x_wconf 89' lang='lat' dir='ltr'><strong>parum</strong></span> <span class='ocrx_word' id='word_1_62' title='bbox 967 1403 1119 1505; x_wconf 87' lang='lat' dir='ltr'><strong>probo),</strong></span> <span class='ocrx_word' id='word_1_63' title='bbox 1168 1431 1243 1479; x_wconf 93' lang='lat' dir='ltr'><strong>non</strong></span> <span class='ocrx_word' id='word_1_64' title='bbox 1269 1407 1325 1476; x_wconf 93' lang='lat' dir='ltr'><strong>in·</strong></span> 
     </span>
     <span class='ocr_line' id='line_1_11' title="bbox 226 1507 1324 1611; baseline -0.002 -29"><span class='ocrx_word' id='word_1_65' title='bbox 226 1512 311 1584; x_wconf 78' lang='lat' dir='ltr'><strong>veni</strong></span> <span class='ocrx_word' id='word_1_66' title='bbox 337 1535 542 1611; x_wconf 87' lang='lat' dir='ltr'><strong>quenquam</strong></span> <span class='ocrx_word' id='word_1_67' title='bbox 569 1507 794 1609; x_wconf 79' lang='lat' dir='ltr'><strong>digniorem,</strong></span> <span class='ocrx_word' id='word_1_68' title='bbox 828 1511 888 1582; x_wconf 90' lang='lat' dir='ltr'><strong>cui</strong></span> <span class='ocrx_word' id='word_1_69' title='bbox 912 1508 979 1581; x_wconf 89' lang='lat' dir='ltr'><strong>bae</strong></span> <span class='ocrx_word' id='word_1_70' title='bbox 1008 1509 1235 1606; x_wconf 87' lang='lat' dir='ltr'><strong>potissimum</strong></span> <span class='ocrx_word' id='word_1_71' title='bbox 1264 1533 1324 1580; x_wconf 86' lang='lat' dir='ltr'><strong>ra·</strong></span> 
     </span>
     <span class='ocr_line' id='line_1_12' title="bbox 226 1609 1325 1713; baseline -0.005 -26"><span class='ocrx_word' id='word_1_72' title='bbox 226 1615 324 1690; x_wconf 92' lang='lat' dir='ltr'><strong>tione</strong></span> <span class='ocrx_word' id='word_1_73' title='bbox 350 1614 509 1686; x_wconf 88' lang='lat' dir='ltr'><strong>animum</strong></span> <span class='ocrx_word' id='word_1_74' title='bbox 537 1613 690 1685; x_wconf 90' lang='lat' dir='ltr'><strong>amicum</strong></span> <span class='ocrx_word' id='word_1_75' title='bbox 718 1624 755 1686; x_wconf 88' lang='lat' dir='ltr'><strong>et</strong></span> <span class='ocrx_word' id='word_1_76' title='bbox 786 1623 929 1713; x_wconf 88' lang='lat' dir='ltr'><strong>gratum</strong></span> <span class='ocrx_word' id='word_1_77' title='bbox 962 1609 1170 1710; x_wconf 85' lang='lat' dir='ltr'><strong>profiterer,</strong></span> <span class='ocrx_word' id='word_1_78' title='bbox 1214 1635 1325 1711; x_wconf 73' lang='grc' dir='ltr'><strong>φιιιιι</strong></span> 
     </span>
     <span class='ocr_line' id='line_1_13' title="bbox 226 1711 1325 1815; baseline -0.002 -27"><span class='ocrx_word' id='word_1_79' title='bbox 226 1715 306 1810; x_wconf 86' lang='lat' dir='ltr'><strong>Te,</strong></span> <span class='ocrx_word' id='word_1_80' title='bbox 353 1717 409 1788; x_wconf 86' lang='lat' dir='ltr'><strong>mi</strong></span> <span class='ocrx_word' id='word_1_81' title='bbox 445 1711 743 1808; x_wconf 85' lang='lat' dir='ltr'><strong>Lachmanne,</strong></span> <span class='ocrx_word' id='word_1_82' title='bbox 798 1715 862 1815; x_wconf 89' lang='lat' dir='ltr'><strong>qui</strong></span> <span class='ocrx_word' id='word_1_83' title='bbox 898 1712 942 1787; x_wconf 93' lang='lat' dir='ltr'><strong>dc</strong></span> <span class='ocrx_word' id='word_1_84' title='bbox 975 1716 1093 1812; x_wconf 87' lang='lat' dir='ltr'><strong>primo</strong></span> <span class='ocrx_word' id='word_1_85' title='bbox 1129 1712 1224 1786; x_wconf 93' lang='lat' dir='ltr'><strong>libro</strong></span> <span class='ocrx_word' id='word_1_86' title='bbox 1250 1724 1325 1786; x_wconf 84' lang='lat' dir='ltr'><strong>tum</strong></span> 
     </span>
     <span class='ocr_line' id='line_1_14' title="bbox 224 1814 1325 1914; baseline -0.003 -23"><span class='ocrx_word' id='word_1_87' title='bbox 224 1815 400 1893; x_wconf 84' lang='lat' dir='ltr'><strong>benevole</strong></span> <span class='ocrx_word' id='word_1_88' title='bbox 423 1814 666 1914; x_wconf 76' lang='lat' dir='ltr'><strong>judicaveris,</strong></span> <span class='ocrx_word' id='word_1_89' title='bbox 710 1829 752 1890; x_wconf 87' lang='lat' dir='ltr'><strong>ut</strong></span> <span class='ocrx_word' id='word_1_90' title='bbox 774 1816 844 1892; x_wconf 93' lang='lat' dir='ltr'><strong>boc</strong></span> <span class='ocrx_word' id='word_1_91' title='bbox 862 1817 1047 1890; x_wconf 81' lang='lat' dir='ltr'><strong>&#39;amicitiae</strong></span> <span class='ocrx_word' id='word_1_92' title='bbox 1070 1843 1155 1890; x_wconf 85' lang='lat' dir='ltr'><strong>curn</strong></span> <span class='ocrx_word' id='word_1_93' title='bbox 1182 1841 1325 1889; x_wconf 90' lang='lat' dir='ltr'><strong>summo</strong></span> 
     </span>
     <span class='ocr_line' id='line_1_15' title="bbox 225 1917 1319 2018; baseline -0.004 -24"><span class='ocrx_word' id='word_1_94' title='bbox 225 1946 305 1994; x_wconf 94' lang='lat' dir='ltr'><strong>meo</strong></span> <span class='ocrx_word' id='word_1_95' title='bbox 329 1917 462 2018; x_wconf 85' lang='lat' dir='ltr'><strong>gaudio</strong></span> <span class='ocrx_word' id='word_1_96' title='bbox 491 1921 603 2014; x_wconf 68' lang='lat' dir='ltr'><strong>interj</strong></span> <span class='ocrx_word' id='word_1_97' title='bbox 618 1945 685 1992; x_wconf 92' lang='lat' dir='ltr'><strong>nos</strong></span> <span class='ocrx_word' id='word_1_98' title='bbox 717 1931 920 1994; x_wconf 89' lang='lat' dir='ltr'><strong>contractae</strong></span> <span class='ocrx_word' id='word_1_99' title='bbox 945 1919 1058 1991; x_wconf 85' lang='lat' dir='ltr'><strong>luerit</strong></span> <span class='ocrx_word' id='word_1_100' title='bbox 1084 1919 1319 2017; x_wconf 90' lang='lat' dir='ltr'><strong>principium,</strong></span> 
     </span>
     <span class='ocr_line' id='line_1_16' title="bbox 226 2017 1323 2122; baseline 0.001 -29"><span class='ocrx_word' id='word_1_101' title='bbox 226 2023 291 2122; x_wconf 83' lang='lat' dir='ltr'><strong>qui</strong></span> <span class='ocrx_word' id='word_1_102' title='bbox 315 2019 579 2094; x_wconf 82' lang='lat' dir='ltr'><strong>Diell&#39;enbacbii</strong></span> <span class='ocrx_word' id='word_1_103' title='bbox 612 2033 724 2092; x_wconf 89' lang='lat' dir='ltr'><strong>artem</strong></span> <span class='ocrx_word' id='word_1_104' title='bbox 751 2033 944 2118; x_wconf 86' lang='lat' dir='ltr'><strong>experturo</strong></span> <span class='ocrx_word' id='word_1_105' title='bbox 970 2017 1232 2120; x_wconf 78' lang='lat' dir='ltr'><strong>benignissime</strong></span> <span class='ocrx_word' id='word_1_106' title='bbox 1257 2019 1323 2094; x_wconf 92' lang='lat' dir='ltr'><strong>bo·</strong></span> 
     </span>
     <span class='ocr_line' id='line_1_17' title="bbox 222 2119 1321 2324; baseline 0.001 -27"><span class='ocrx_word' id='word_1_107' title='bbox 222 2119 1321 2324; x_wconf 51' lang='lat' dir='ltr'><strong>ttttttlt&#39;ttllltt&#39;tatilt&#39;tttl‚tzuttttt&#39;t</strong></span> 
     </span>
     <span class='ocr_line' id='line_1_18' title="bbox 222 2319 1318 2428; baseline 0.001 -28"><span class='ocrx_word' id='word_1_108' title='bbox 222 2327 434 2400; x_wconf 78' lang='lat' dir='ltr'><strong>suavissima</strong></span> <span class='ocrx_word' id='word_1_109' title='bbox 477 2323 768 2400; x_wconf 78' lang='lat' dir='ltr'><strong>confabulatione</strong></span> <span class='ocrx_word' id='word_1_110' title='bbox 816 2325 1096 2418; x_wconf 85' lang='lat' dir='ltr'><strong>exhilaraveris,</strong></span> <span class='ocrx_word' id='word_1_111' title='bbox 1139 2319 1318 2428; x_wconf 83' lang='lat' dir='ltr'><strong>&#39;peregri-</strong></span> 
     </span>
     <span class='ocr_line' id='line_1_19' title="bbox 222 2429 1319 2526; baseline 0 -24"><span class='ocrx_word' id='word_1_112' title='bbox 222 2457 309 2502; x_wconf 92' lang='lat' dir='ltr'><strong>num</strong></span> <span class='ocrx_word' id='word_1_113' title='bbox 335 2429 374 2500; x_wconf 95' lang='lat' dir='ltr'><strong>in</strong></span> <span class='ocrx_word' id='word_1_114' title='bbox 399 2430 785 2526; x_wconf 85' lang='lat' dir='ltr'><strong>praestantissimorum</strong></span> <span class='ocrx_word' id='word_1_115' title='bbox 809 2429 998 2504; x_wconf 90' lang='lat' dir='ltr'><strong>bominum</strong></span> <span class='ocrx_word' id='word_1_116' title='bbox 1018 2429 1319 2505; x_wconf 86' lang='lat' dir='ltr'><strong>consuetudinem</strong></span> 
     </span>
     <span class='ocr_line' id='line_1_20' title="bbox 221 2529 1318 2632; baseline -0.001 -25"><span class='ocrx_word' id='word_1_117' title='bbox 221 2544 259 2608; x_wconf 90' lang='lat' dir='ltr'><strong>et</strong></span> <span class='ocrx_word' id='word_1_118' title='bbox 284 2529 562 2604; x_wconf 76' lang='lat' dir='ltr'><strong>familiaritatem</strong></span> <span class='ocrx_word' id='word_1_119' title='bbox 597 2531 813 2625; x_wconf 87' lang='lat' dir='ltr'><strong>adduxeris,</strong></span> <span class='ocrx_word' id='word_1_120' title='bbox 857 2531 1016 2632; x_wconf 87' lang='lat' dir='ltr'><strong>deniqne</strong></span> <span class='ocrx_word' id='word_1_121' title='bbox 1046 2531 1184 2604; x_wconf 86' lang='lat' dir='ltr'><strong>Tuum</strong></span> <span class='ocrx_word' id='word_1_122' title='bbox 1212 2531 1318 2606; x_wconf 90' lang='lat' dir='ltr'><strong>illum</strong></span> 
     </span>
     <span class='ocr_line' id='line_1_21' title="bbox 221 2631 1317 2734; baseline 0.003 -27"><span class='ocrx_word' id='word_1_123' title='bbox 221 2633 311 2708; x_wconf 89' lang='lat' dir='ltr'><strong>mibi</strong></span> <span class='ocrx_word' id='word_1_124' title='bbox 336 2633 480 2707; x_wconf 90' lang='lat' dir='ltr'><strong>abunde</strong></span> <span class='ocrx_word' id='word_1_125' title='bbox 509 2631 718 2708; x_wconf 83' lang='lat' dir='ltr'><strong>exhibueris</strong></span> <span class='ocrx_word' id='word_1_126' title='bbox 743 2633 957 2726; x_wconf 90' lang='lat' dir='ltr'><strong>candorem,</strong></span> <span class='ocrx_word' id='word_1_127' title='bbox 998 2659 1106 2734; x_wconf 89' lang='lat' dir='ltr'><strong>quem</strong></span> <span class='ocrx_word' id='word_1_128' title='bbox 1129 2636 1156 2707; x_wconf 91' lang='lat' dir='ltr'><strong>ii</strong></span> <span class='ocrx_word' id='word_1_129' title='bbox 1180 2633 1317 2734; x_wconf 78' lang='lat' dir='ltr'><strong>quibus</strong></span> 
     </span>
     <span class='ocr_line' id='line_1_22' title="bbox 219 2735 1314 2837; baseline 0.002 -27"><span class='ocrx_word' id='word_1_130' title='bbox 219 2737 370 2836; x_wconf 89' lang='lat' dir='ltr'><strong>propius</strong></span> <span class='ocrx_word' id='word_1_131' title='bbox 397 2735 452 2809; x_wconf 85' lang='lat' dir='ltr'><strong>Te</strong></span> <span class='ocrx_word' id='word_1_132' title='bbox 481 2761 698 2835; x_wconf 84' lang='lat' dir='ltr'><strong>cognoscere</strong></span> <span class='ocrx_word' id='word_1_133' title='bbox 735 2738 889 2837; x_wconf 89' lang='lat' dir='ltr'><strong>contigit</strong></span> <span class='ocrx_word' id='word_1_134' title='bbox 918 2761 993 2808; x_wconf 89' lang='lat' dir='ltr'><strong>uon</strong></span> <span class='ocrx_word' id='word_1_135' title='bbox 1026 2739 1146 2810; x_wconf 90' lang='lat' dir='ltr'><strong>minus</strong></span> <span class='ocrx_word' id='word_1_136' title='bbox 1177 2751 1314 2830; x_wconf 87' lang='lat' dir='ltr'><strong>amant,</strong></span> 
     </span>
     <span class='ocr_line' id='line_1_23' title="bbox 219 2835 1314 3012; baseline 0.004 -102"><span class='ocrx_word' id='word_1_137' title='bbox 219 2865 327 3012; x_wconf 72' lang='lat' dir='ltr'><strong>qparn</strong></span> <span class='ocrx_word' id='word_1_138' title='bbox 361 2835 560 3010; x_wconf 77' lang='lat' dir='ltr'><strong>dpctrinem</strong></span> <span class='ocrx_word' id='word_1_139' title='bbox 590 2838 706 2910; x_wconf 87' lang='lat' dir='ltr'><strong>Tuam</strong></span> <span class='ocrx_word' id='word_1_140' title='bbox 738 2837 975 2937; x_wconf 86' lang='lat' dir='ltr'><strong>multiplicem</strong></span> <span class='ocrx_word' id='word_1_141' title='bbox 1013 2850 1049 2912; x_wconf 92' lang='lat' dir='ltr'><strong>et</strong></span> <span class='ocrx_word' id='word_1_142' title='bbox 1082 2840 1314 2940; x_wconf 73' lang='lat' dir='ltr'><strong>sagacitatem</strong></span> 
     </span>
     <span class='ocr_line' id='line_1_24' title="bbox 218 2963 604 3013; baseline -0.008 0"><span class='ocrx_word' id='word_1_143' title='bbox 218 2965 238 3013; x_wconf 93' lang='lat' dir='ltr'><strong>a</strong></span> <span class='ocrx_word' id='word_1_144' title='bbox 266 2963 381 3012; x_wconf 87' lang='lat' dir='ltr'><strong>mrran</strong></span> <span class='ocrx_word' id='word_1_145' title='bbox 398 2963 443 3010; x_wconf 87' lang='lat' dir='ltr'><strong>ur</strong></span> <span class='ocrx_word' id='word_1_146' title='bbox 469 2963 604 3012; x_wconf 90' lang='lat' dir='ltr'><strong>omnes.</strong></span> 
     </span>
    </p>

    <p class='ocr_par' dir='ltr' id='par_1_5' title="bbox 206 3037 1311 4370">
     <span class='ocr_line' id='line_1_25' title="bbox 319 3037 1311 3146; baseline 0.004 -34"><span class='ocrx_word' id='word_1_147' title='bbox 319 3037 399 3112; x_wconf 83' lang='lat' dir='ltr'><strong>Nec</strong></span> <span class='ocrx_word' id='word_1_148' title='bbox 424 3052 623 3139; x_wconf 88' lang='lat' dir='ltr'><strong>temperare</strong></span> <span class='ocrx_word' id='word_1_149' title='bbox 649 3039 740 3113; x_wconf 90' lang='lat' dir='ltr'><strong>mibi</strong></span> <span class='ocrx_word' id='word_1_150' title='bbox 765 3067 912 3140; x_wconf 89' lang='lat' dir='ltr'><strong>possum</strong></span> <span class='ocrx_word' id='word_1_151' title='bbox 939 3046 1028 3146; x_wconf 84' lang='lat' dir='ltr'><strong>quin</strong></span> <span class='ocrx_word' id='word_1_152' title='bbox 1055 3042 1124 3116; x_wconf 89' lang='lat' dir='ltr'><strong>boc</strong></span> <span class='ocrx_word' id='word_1_153' title='bbox 1149 3039 1229 3116; x_wconf 90' lang='lat' dir='ltr'><strong>loco</strong></span> <span class='ocrx_word' id='word_1_154' title='bbox 1253 3067 1311 3116; x_wconf 86' lang='lat' dir='ltr'><strong>re·</strong></span> 
     </span>
     <span class='ocr_line' id='line_1_26' title="bbox 216 3141 1309 3247; baseline 0.003 -32"><span class='ocrx_word' id='word_1_155' title='bbox 216 3143 400 3242; x_wconf 83' lang='lat' dir='ltr'><strong>liquorum</strong></span> <span class='ocrx_word' id='word_1_156' title='bbox 438 3169 584 3244; x_wconf 88' lang='lat' dir='ltr'><strong>quoqne</strong></span> <span class='ocrx_word' id='word_1_157' title='bbox 622 3141 933 3238; x_wconf 88' lang='lat' dir='ltr'><strong>Berolinensium,</strong></span> <span class='ocrx_word' id='word_1_158' title='bbox 986 3169 1139 3247; x_wconf 87' lang='lat' dir='ltr'><strong>qnorum</strong></span> <span class='ocrx_word' id='word_1_159' title='bbox 1172 3145 1309 3243; x_wconf 87' lang='lat' dir='ltr'><strong>insigni</strong></span> 
     </span>
     <span class='ocr_line' id='line_1_27' title="bbox 215 3243 1311 3347; baseline 0.002 -29"><span class='ocrx_word' id='word_1_160' title='bbox 215 3243 437 3318; x_wconf 80' lang='lat' dir='ltr'><strong>humanitate</strong></span> <span class='ocrx_word' id='word_1_161' title='bbox 463 3271 552 3318; x_wconf 89' lang='lat' dir='ltr'><strong>usus</strong></span> <span class='ocrx_word' id='word_1_162' title='bbox 577 3271 680 3339; x_wconf 89' lang='lat' dir='ltr'><strong>snm,</strong></span> <span class='ocrx_word' id='word_1_163' title='bbox 729 3250 934 3331; x_wconf 87' lang='lat' dir='ltr'><strong>memoriam</strong></span> <span class='ocrx_word' id='word_1_164' title='bbox 961 3249 1166 3347; x_wconf 88' lang='lat' dir='ltr'><strong>gratissimo</strong></span> <span class='ocrx_word' id='word_1_165' title='bbox 1189 3247 1311 3320; x_wconf 86' lang='lat' dir='ltr'><strong>auimo</strong></span> 
     </span>
     <span class='ocr_line' id='line_1_28' title="bbox 215 3345 1311 3450; baseline 0.005 -29"><span class='ocrx_word' id='word_1_166' title='bbox 215 3347 351 3422; x_wconf 84' lang='lat' dir='ltr'><strong>colam:</strong></span> <span class='ocrx_word' id='word_1_167' title='bbox 406 3345 651 3440; x_wconf 80' lang='lat' dir='ltr'><strong>Boeclrbii,</strong></span> <span class='ocrx_word' id='word_1_168' title='bbox 695 3347 896 3423; x_wconf 84' lang='lat' dir='ltr'><strong>Clarissimi</strong></span> <span class='ocrx_word' id='word_1_169' title='bbox 921 3349 1023 3444; x_wconf 88' lang='lat' dir='ltr'><strong>Viri,</strong></span> <span class='ocrx_word' id='word_1_170' title='bbox 1058 3351 1123 3450; x_wconf 89' lang='lat' dir='ltr'><strong>qni</strong></span> <span class='ocrx_word' id='word_1_171' title='bbox 1147 3347 1311 3449; x_wconf 78' lang='lat' dir='ltr'><strong>reliques</strong></span> 
     </span>
     <span class='ocr_line' id='line_1_29' title="bbox 214 3448 1308 3552; baseline 0.002 -28"><span class='ocrx_word' id='word_1_172' title='bbox 214 3452 373 3524; x_wconf 89' lang='lat' dir='ltr'><strong>comitati</strong></span> <span class='ocrx_word' id='word_1_173' title='bbox 399 3449 438 3522; x_wconf 89' lang='lat' dir='ltr'><strong>id</strong></span> <span class='ocrx_word' id='word_1_174' title='bbox 463 3448 614 3550; x_wconf 85' lang='lat' dir='ltr'><strong>adjecit,</strong></span> <span class='ocrx_word' id='word_1_175' title='bbox 649 3461 691 3524; x_wconf 94' lang='lat' dir='ltr'><strong>nt</strong></span> <span class='ocrx_word' id='word_1_176' title='bbox 711 3454 833 3551; x_wconf 90' lang='lat' dir='ltr'><strong>copias</strong></span> <span class='ocrx_word' id='word_1_177' title='bbox 860 3453 900 3524; x_wconf 94' lang='lat' dir='ltr'><strong>in</strong></span> <span class='ocrx_word' id='word_1_178' title='bbox 926 3452 1099 3552; x_wconf 85' lang='lat' dir='ltr'><strong>Corporis</strong></span> <span class='ocrx_word' id='word_1_179' title='bbox 1118 3452 1308 3552; x_wconf 87' lang='lat' dir='ltr'><strong>inscripti·</strong></span> 
     </span>
     <span class='ocr_line' id='line_1_30' title="bbox 214 3549 1310 3656; baseline 0.002 -30"><span class='ocrx_word' id='word_1_180' title='bbox 214 3577 325 3626; x_wconf 87' lang='lat' dir='ltr'><strong>onum</strong></span> <span class='ocrx_word' id='word_1_181' title='bbox 358 3549 577 3627; x_wconf 84' lang='lat' dir='ltr'><strong>Graecarum</strong></span> <span class='ocrx_word' id='word_1_182' title='bbox 609 3579 715 3626; x_wconf 89' lang='lat' dir='ltr'><strong>usum</strong></span> <span class='ocrx_word' id='word_1_183' title='bbox 744 3566 933 3656; x_wconf 88' lang='lat' dir='ltr'><strong>congestas</strong></span> <span class='ocrx_word' id='word_1_184' title='bbox 962 3555 1052 3628; x_wconf 90' lang='lat' dir='ltr'><strong>mibi</strong></span> <span class='ocrx_word' id='word_1_185' title='bbox 1086 3553 1310 3653; x_wconf 88' lang='lat' dir='ltr'><strong>perlustran-</strong></span> 
     </span>
     <span class='ocr_line' id='line_1_31' title="bbox 214 3653 1310 3754; baseline 0.005 -28"><span class='ocrx_word' id='word_1_186' title='bbox 214 3653 278 3727; x_wconf 87' lang='lat' dir='ltr'><strong>das</strong></span> <span class='ocrx_word' id='word_1_187' title='bbox 313 3665 371 3748; x_wconf 87' lang='lat' dir='ltr'><strong>et,</strong></span> <span class='ocrx_word' id='word_1_188' title='bbox 431 3665 605 3754; x_wconf 85' lang='lat' dir='ltr'><strong>quantum</strong></span> <span class='ocrx_word' id='word_1_189' title='bbox 641 3654 773 3730; x_wconf 85' lang='lat' dir='ltr'><strong>licebat</strong></span> <span class='ocrx_word' id='word_1_190' title='bbox 806 3655 990 3730; x_wconf 88' lang='lat' dir='ltr'><strong>scribendi</strong></span> <span class='ocrx_word' id='word_1_191' title='bbox 1024 3655 1194 3732; x_wconf 82' lang='lat' dir='ltr'><strong>facultate</strong></span> <span class='ocrx_word' id='word_1_192' title='bbox 1232 3668 1310 3732; x_wconf 83' lang='lat' dir='ltr'><strong>turn</strong></span> 
     </span>
     <span class='ocr_line' id='line_1_32' title="bbox 212 3755 1306 3857; baseline 0.003 -30"><span class='ocrx_word' id='word_1_193' title='bbox 212 3755 290 3830; x_wconf 77' lang='lat' dir='ltr'><strong>lere</strong></span> <span class='ocrx_word' id='word_1_194' title='bbox 323 3756 514 3850; x_wconf 88' lang='lat' dir='ltr'><strong>destituto,</strong></span> <span class='ocrx_word' id='word_1_195' title='bbox 556 3759 799 3857; x_wconf 79' lang='lat' dir='ltr'><strong>excerpendae</strong></span> <span class='ocrx_word' id='word_1_196' title='bbox 823 3757 1062 3854; x_wconf 71' lang='lat' dir='ltr'><strong>concederet,¹</strong></span> <span class='ocrx_word' id='word_1_197' title='bbox 1109 3758 1306 3850; x_wconf 82' lang='lat' dir='ltr'><strong>Franzii,</strong></span> 
     </span>
     <span class='ocr_line' id='line_1_33' title="bbox 212 3857 1309 3962; baseline 0.004 -30"><span class='ocrx_word' id='word_1_198' title='bbox 212 3881 286 3957; x_wconf 84' lang='lat' dir='ltr'><strong>quo</strong></span> <span class='ocrx_word' id='word_1_199' title='bbox 319 3857 412 3933; x_wconf 88' lang='lat' dir='ltr'><strong>nibil</strong></span> <span class='ocrx_word' id='word_1_200' title='bbox 443 3871 498 3933; x_wconf 88' lang='lat' dir='ltr'><strong>est</strong></span> <span class='ocrx_word' id='word_1_201' title='bbox 525 3860 702 3934; x_wconf 88' lang='lat' dir='ltr'><strong>sincerius</strong></span> <span class='ocrx_word' id='word_1_202' title='bbox 734 3873 781 3934; x_wconf 86' lang='lat' dir='ltr'><strong>et·</strong></span> <span class='ocrx_word' id='word_1_203' title='bbox 799 3859 1016 3952; x_wconf 85' lang='lat' dir='ltr'><strong>officiosius,</strong></span> <span class='ocrx_word' id='word_1_204' title='bbox 1064 3862 1135 3962; x_wconf 76' lang='lat' dir='ltr'><strong>¹(poi</strong></span> <span class='ocrx_word' id='word_1_205' title='bbox 1164 3859 1309 3961; x_wconf 81' lang='lat' dir='ltr'><strong>reliqua</strong></span> 
     </span>
     <span class='ocr_line' id='line_1_34' title="bbox 211 3959 1309 4064; baseline 0.004 -32"><span class='ocrx_word' id='word_1_206' title='bbox 211 3983 277 4032; x_wconf 87' lang='lat' dir='ltr'><strong>sua</strong></span> <span class='ocrx_word' id='word_1_207' title='bbox 319 3962 358 4034; x_wconf 90' lang='lat' dir='ltr'><strong>in</strong></span> <span class='ocrx_word' id='word_1_208' title='bbox 399 3987 457 4035; x_wconf 83' lang='lat' dir='ltr'><strong>ane</strong></span> <span class='ocrx_word' id='word_1_209' title='bbox 495 3959 671 4037; x_wconf 78' lang='lat' dir='ltr'><strong>beneliciu</strong></span> <span class='ocrx_word' id='word_1_210' title='bbox 710 3965 965 4062; x_wconf 86' lang='lat' dir='ltr'><strong>inscriptiones</strong></span> <span class='ocrx_word' id='word_1_211' title='bbox 1005 3963 1221 4064; x_wconf 75' lang='lat' dir='ltr'><strong>Cyrenaicus</strong></span> <span class='ocrx_word' id='word_1_212' title='bbox 1265 3963 1309 4036; x_wconf 86' lang='lat' dir='ltr'><strong>in</strong></span> 
     </span>
     <span class='ocr_line' id='line_1_35' title="bbox 211 4061 1305 4160; baseline 0.002 -26"><span class='ocrx_word' id='word_1_213' title='bbox 211 4087 331 4135; x_wconf 88' lang='lat' dir='ltr'><strong>meum</strong></span> <span class='ocrx_word' id='word_1_214' title='bbox 381 4091 488 4138; x_wconf 86' lang='lat' dir='ltr'><strong>usum</strong></span> <span class='ocrx_word' id='word_1_215' title='bbox 534 4064 748 4139; x_wconf 90' lang='lat' dir='ltr'><strong>nitidissime</strong></span> <span class='ocrx_word' id='word_1_216' title='bbox 801 4063 1038 4140; x_wconf 88' lang='lat' dir='ltr'><strong>describendo</strong></span> <span class='ocrx_word' id='word_1_217' title='bbox 1085 4061 1305 4160; x_wconf 79' lang='lat' dir='ltr'><strong>cumularit3</strong></span> 
     </span>
     <span class='ocr_line' id='line_1_36' title="bbox 206 4163 1305 4268; baseline 0 -30"><span class='ocrx_word' id='word_1_218' title='bbox 206 4163 447 4259; x_wconf 82' lang='lat' dir='ltr'><strong>bleincbii,</strong></span> <span class='ocrx_word' id='word_1_219' title='bbox 494 4191 602 4266; x_wconf 87' lang='lat' dir='ltr'><strong>quem</strong></span> <span class='ocrx_word' id='word_1_220' title='bbox 635 4167 718 4242; x_wconf 80' lang='lat' dir='ltr'><strong>Tuo</strong></span> <span class='ocrx_word' id='word_1_221' title='bbox 749 4193 888 4262; x_wconf 80' lang='lat' dir='ltr'><strong>umore,</strong></span> <span class='ocrx_word' id='word_1_222' title='bbox 941 4169 1006 4268; x_wconf 89' lang='lat' dir='ltr'><strong>qui</strong></span> <span class='ocrx_word' id='word_1_223' title='bbox 1039 4179 1095 4241; x_wconf 89' lang='lat' dir='ltr'><strong>cst</strong></span> <span class='ocrx_word' id='word_1_224' title='bbox 1125 4191 1305 4260; x_wconf 84' lang='lat' dir='ltr'><strong>sumanus,</strong></span> 
     </span>
     <span class='ocr_line' id='line_1_37' title="bbox 209 4265 1305 4370; baseline 0.002 -30"><span class='ocrx_word' id='word_1_225' title='bbox 209 4265 378 4368; x_wconf 82' lang='lat' dir='ltr'><strong>amplecti</strong></span> <span class='ocrx_word' id='word_1_226' title='bbox 409 4267 543 4342; x_wconf 70' lang='lat' dir='ltr'><strong>didicis</strong></span> <span class='ocrx_word' id='word_1_227' title='bbox 596 4281 796 4344; x_wconf 86' lang='lat' dir='ltr'><strong>ceterorum</strong></span> <span class='ocrx_word' id='word_1_228' title='bbox 833 4283 977 4370; x_wconf 90' lang='lat' dir='ltr'><strong>praeter</strong></span> <span class='ocrx_word' id='word_1_229' title='bbox 1009 4269 1064 4344; x_wconf 83' lang='lat' dir='ltr'><strong>Tc</strong></span> <span class='ocrx_word' id='word_1_230' title='bbox 1096 4279 1133 4342; x_wconf 88' lang='lat' dir='ltr'><strong>et</strong></span> <span class='ocrx_word' id='word_1_231' title='bbox 1164 4267 1305 4342; x_wconf 79' lang='lat' dir='ltr'><strong>bleinc-</strong></span> 
     </span>
    </p>
   </div>
   <div class='ocr_carea' id='block_1_4' title="bbox 0 0 1426 4770">
    <p class='ocr_par' dir='ltr' id='par_1_6' title="bbox 0 0 1426 4770">
     <span class='ocr_line' id='line_1_38' title="bbox 0 0 1426 4770; baseline 0 8"><span class='ocrx_word' id='word_1_232' title='bbox 0 0 1426 4770; x_wconf 95' lang='lat' dir='ltr'><strong> </strong></span> 
     </span>
    </p>
   </div>
  </div>
 </body>
</html>
