2778 4748
200 300 290 400 'suc

517 320 688 395 Addenda
711 335 747 394 et
773 319 1007 420 Corrigenda.

214 524 316 590 nimia
338 521 594 589 inconcinnitate
615 523 788 608 laborent,
819 521 1077 612 transpositione
1097 520 1270 588 amuda·
1293 533 1326 585 et

214 638 319 694 totum
348 626 565 712 fragmentum
594 624 628 689 in
662 628 747 718 banc
774 625 930 692 rationem
962 622 1213 690 restituendum
1249 645 1324 690 esar

215 730 428 798 arbitramura

366 827 489 894 Πώνειν
510 831 565 910 μὲν
588 831 736 912 circipani
758 831 866 914 φαγεῖν
886 826 955 912 μέγ’
978 826 1123 912 ἀνδρικοὶ

239 971 241 976 -
323 1017 326 1024 ¹
367 935 421 996 καί
443 932 642 1014 καρτερεῖμεν
661 934 742 998 auida
770 933 929 1014 Θηβαῖοι·
952 931 1047 1014 λέγειν

366 1039 420 1098 καῖ
438 1032 536 1118 μικρὰ
558 1035 689 1117 φαγέμεν
710 1035 776 1108 τοῖς
796 1032 980 1112 ’Δθηναίαις
998 1033 1085 1114 με’τα.

297 1134 372 1202 dam
394 1137 544 1226 reliqua,
582 1135 727 1226 exeeptis
750 1133 939 1202 nominibus
959 1135 1166 1223 gentilibus,
1212 1135 1320 1202 Boeo-

216 1239 347 1304 tisnmm
369 1239 482 1328 paullo
503 1237 721 1330 antiquiorem
743 1248 890 1304 accurate
912 1239 1076 1324 referunt3
1109 1253 1233 1306 centn
1256 1241 1320 1306 La-

217 1339 364 1408 eonicam
379 1341 553 1408 dialectum
567 1352 695 1430 practer
706 1339 820 1405 πώνειν
834 1352 1008 1431 peccarent
1021 1339 1184 1408 infinitivi
1206 1341 1245 1407 in
1268 1367 1320 1424 με

218 1455 388 1510 exeuntes.
453 1443 614 1508 infinitivi
643 1444 762 1534 partim
794 1444 829 1508 iu
852 1468 897 1508 ειν
917 1444 1073 1510 desinunt
1094 1454 1133 1508 ut
1154 1447 1319 1529 θερίδδειν

217 1546 305 1636 apud
336 1547 621 1636 Aristophanem,
664 1545 782 1636 partim
813 1545 849 1610 in
880 1570 934 1628 μεν
964 1556 1002 1610 ut
1032 1545 1200 1630 ιιριδδεμεν
1234 1547 1318 1636 apud

219 1647 433 1733 Strattidem3
476 1650 672 1734 καρτερεῖμεν
692 1659 748 1714 aut
774 1671 793 1713 e
820 1650 1019 1735 ναρτερείμεν
1039 1649 1164 1714 factum
1189 1661 1246 1716 est
1267 1661 1318 1715 aat

219 1751 492 1840 conjugationem·
507 1750 543 1815 in
564 1777 599 1834 μι
621 1750 780 1842 sequitur.
840 1751 970 1818 Censor
990 1749 1122 1840 quidem
1146 1751 1317 1818 Daranta-

218 1853 346 1920 diensis
376 1853 574 1944 vituperavit
602 1877 682 1932 uos,
720 1854 810 1942 quod
836 1855 990 1937 θερίδδειν
1016 1852 1218 1920 lioeoticnna
1247 1879 1317 1922 ease

218 1955 494 2040 credidissemus,
517 1967 549 2022 et
569 1957 711 2038 δερίδδιν
733 1957 872 2023 dialecto
892 1955 1054 2046 postulari
1074 1957 1314 2045 pronuntiarit.

218 2055 356 2124 Scilicet
376 2083 443 2124 nou
465 2058 650 2141 intellexit,
694 2081 778 2148 quae
800 2059 880 2125 satis
903 2069 1015 2148 aperte
1035 2057 1208 2126 indicasse
1230 2061 1315 2126 vida·

217 2159 355 2242 bamur,
399 2160 474 2224 idco
501 2159 692 2225 Boeoticum
720 2183 794 2226 esse
819 2161 996 2246 θερίδδειν,
1041 2161 1131 2250 quod
1154 2161 1315 2229 Doricam

217 2259 450 2340 (Laconicum)
478 2271 565 2325 esset
592 2262 754 2340 θερίδδην.
818 2259 937 2330 Boeoti
962 2261 1049 2328 enim
1070 2262 1314 2356 diphthongum

218 2385 266 2438 ει,
289 2384 373 2452 quae
396 2373 446 2428 cst
465 2362 501 2428 iu
522 2361 652 2450 vulgari
672 2361 807 2453 lingna,
838 2387 905 2431 uon
926 2375 1051 2431 mutant
1072 2367 1107 2431 in
1130 2394 1144 2430 ι
1165 2369 1230 2434 sed
1252 2393 1314 2436 ser·

217 2475 313 2541 rant,
337 2487 438 2554 quum
459 2466 495 2531 in
517 2465 679 2532 severiore
699 2465 826 2533 Doride
848 2495 867 2546 η
891 2479 941 2536 est
961 2467 1026 2536 vid.
1039 2469 1112 2534 Μ
1135 2493 1171 2559 p.
1185 2471 1265 2539 185.
1278 2505 1315 2520 -

141 2641 147 2658 ι
217 2565 331 2632 Tertia
359 2568 497 2656 pluralis
525 2568 691 2656 praeteriti
717 2570 885 2658 vulgarem
913 2571 1178 2639 terminationem
1210 2587 1315 2642 sema

217 2669 254 2734 in
276 2669 479 2753 εὀτροτιύαον
500 2669 602 2736 Leab.
625 2695 676 2736 nr.
692 2671 747 2754 37,
775 2672 842 2739 uisi
863 2695 900 2738 ea
921 2697 985 2740 vox
1005 2685 1157 2764 corrupta
1179 2692 1247 2743 est.

302 2773 399 2861 Peg.
423 2771 488 2839 210
515 2797 572 2840 nr.
595 2774 628 2840 3.
673 2774 811 2864 Insigne
834 2775 1018 2864 exemplum
1040 2777 1133 2842 verbi
1156 2783 1313 2847 contracti

218 2873 485 2963 conjugationem
513 2873 548 2939 iu
571 2877 758 2966 prosequuti
781 2899 867 2943 nunc
889 2877 996 2943 detexi
1018 2877 1053 2942 in
1075 2879 1250 2949 Corinnae
1269 2885 1314 2950 la·

218 2997 275 3057 co,
299 2997 396 3064 quem
409 2963 683 3044 Schneidewinus
705 3001 798 3045 meus
819 2979 899 3044 mihi
919 2979 1090 3046 indicavit.
1125 2982 1167 3048 ln
1185 2983 1311 3052 Scholl.

218 3075 308 3141 Viet.
328 3075 428 3141 llum.
453 3075 493 3141 ll.
526 3103 564 3162 ρ,
590 3079 651 3145 197
672 3080 713 3145 ad
735 3105 848 3148 vocem
868 3081 969 3170 μηρδς
988 3085 1068 3150 haee
1089 3085 1311 3154 adnotantarr

217 3181 271 3243 νιαῖ
301 3176 335 3241 κ’
370 3177 470 3265 ὦρινα
509 3177 731 3258 (Schneidew.
762 3183 919 3268 Κόριννα)
952 3191 1129 3270 βρονταῖς
1160 3187 1233 3252 cini
1264 3197 1314 3258 aad

218 3279 407 3367 βρννινὶσας.
472 3279 561 3350 Male
591 3285 765 3352 scholiasta
793 3311 906 3352 vocem
936 3311 954 3352 e
982 3288 1161 3372 βρονιήσας
1190 3293 1314 3360 lactu·

219 3396 331 3472 putat,
355 3393 392 3448 ut
411 3382 511 3468 γηράς
534 3411 552 3452 e
571 3387 715 3472 γηράσας
737 3389 772 3453 in
795 3388 893 3456 breve
914 3401 1114 3458 contractum
1136 3405 1315 3482 putamt3

218 3485 329 3576 potius
351 3486 485 3572 βροντάς
506 3513 524 3552 a
545 3487 698 3573 βρόνιαμι
719 3491 903 3558 ducendum
928 3505 990 3559 est.

302 3588 396 3676 Peg.
419 3589 483 3656 210
514 3591 538 3657 l.
564 3593 615 3658 18.
663 3593 762 3659 Ceus.
785 3593 931 3661 Darmst.
955 3607 1041 3662 reete
1062 3597 1192 3663 monuit
1213 3601 1314 3688 vulga

219 3687 409 3770 ἆδικειμίνος
437 3691 563 3777 scribi,
599 3708 636 3759 ut
664 3696 706 3761 sit
734 3697 928 3786 perfectum.
991 3697 1176 3786 Elmslejus
1206 3713 1314 3768 tamen

218 3792 346 3856 nnrneri
377 3817 475 3861 eausa
504 3821 659 3885 praesens
690 3795 878 3880 ἀδικείμενος
906 3800 1083 3890 praetulit,
1131 3805 1224 3892 quod
1248 3829 1310 3870 aaa

218 3905 269 3962 est
289 3917 348 3960 eur
368 3895 409 3960 ab
432 3897 675 3988 antiquioribus
698 3901 831 3968 Bneotis
853 3902 1090 3989 abjudicemus.

301 4037 343 4050 --
378 4011 459 4063 not.
483 4001 515 4065 3.
565 4001 621 4064 Ad
645 4001 819 4068 Aeolicum
842 4004 963 4072 idioma
984 4007 1172 4072 referuntur
1194 4011 1312 4090 eptas.

220 4125 301 4184 σαν,
341 4101 464 4167 sidocus
498 4115 530 4168 ct
560 4095 682 4170 similia
715 4106 973 4176 aGrammutico
1000 4109 1086 4198 apud
1108 4111 1310 4200 Peproniaar

218 4216 292 4290 post
313 4203 423 4292 Etym.
447 4204 563 4272 (trion.
587 4231 620 4295 p.
645 4208 718 4273 24¹1.
