2834 4762
111 359 143 455 §.
158 361 217 438 te.
269 359 326 434 De
339 361 453 436 vocal.
471 355 705 456 productione
726 352 945 454 suppletoria
962 354 1066 432 natis.
1117 355 1192 432 nul

24 599 26 616 ›
112 567 145 632 iu
167 569 257 632 huuc
275 564 406 632 modurn
426 563 667 656 producunturx
690 564 829 654 primum
847 575 867 629 ἃ
887 563 985 632 breve
1006 563 1195 655 producitur

112 670 146 736 in
172 673 263 733 unica
284 666 361 732 Gur.
385 667 407 732 4
434 691 492 757 pro
525 691 647 750 πανσα,
677 669 721 732 cf.
762 669 931 733 Πασικλεῖν
963 691 1014 732 nr.
1036 667 1138 751 1569,
1161 694 1193 751 a,

111 771 304 836 accusativis
330 770 468 859 pluralis
491 768 719 834 declinationis
744 769 888 858 primae,
921 779 958 834 ut
987 768 1042 845 τὰς
1074 772 1196 852 uiperae

110 873 310 957 ur.1569,a
332 867 390 958 (cf.
415 865 535 958 619),
556 881 571 934 ἰ
592 870 781 962 producitur
799 871 834 936 in
855 873 898 958 ἒῒ,
921 897 1003 960 quae
1025 870 1195 962 diphthom

112 999 172 1065 gns
203 974 382 1040 mutatione
403 972 555 1039 Boeotico
587 997 627 1039 cx
657 972 838 1062 antiquiore
867 985 899 1039 et
920 975 1042 1040 Dorico
1069 979 1092 1052 ῆ
1123 987 1196 1039 nata

113 1086 180 1159 est,
214 1090 252 1140 ut
275 1077 426 1140 σταθεῖσα
455 1097 515 1163 pro
537 1076 713 1152 mattr'aou,
747 1073 828 1140 Dor.
854 1081 1016 1159 σταθῆσα,
1057 1075 1135 1156 εἶμεν
1157 1083 1197 1142 ex

113 1175 201 1258 ἴσμεν
221 1176 304 1244 Dor.
327 1169 415 1260 ἦμεν,
436 1177 503 1241 vid.
527 1175 557 1266 6.
574 1177 628 1258 39,
645 1178 684 1262 2,
707 1175 847 1266 denique
871 1183 901 1256 ὃ,
924 1190 961 1242 ut
981 1177 1016 1242 in
1037 1177 1199 1245 strictiore

112 1279 292 1364 Dorismo,
323 1277 513 1368 producitur
545 1277 580 1342 in
602 1279 646 1356 ὦ,
678 1279 758 1342 ι’ὤσα
789 1277 889 1357 1563,
912 1302 948 1361 a,
970 1277 1003 1342 b.
1038 1303 1078 1344 ex
1106 1281 1199 1345 εὀνσα

111 1381 272 1464 (ἰοῦσα),
304 1381 431 1446 ditono
459 1379 535 1447 Cor.
560 1379 621 1464 10,
649 1403 716 1447 acc.
750 1379 835 1469 plur.
866 1377 995 1463 ἔςγόνως
1017 1381 1108 1450 1562.
1143 1383 1197 1468 64,

115 1481 320 1566 σουγγράφως
334 1481 430 1566 1569,
451 1507 482 1568 a,
504 1479 610 1547 Arist.
633 1482 718 1546 Ach.
735 1482 809 1549 840.
832 1481 895 1549 845
915 1479 1057 1566 ψιάθως,
1080 1485 1197 1567 ἐχίνως,

115 1584 300 1668 αἰελούρως,
324 1608 365 1650 ex
386 1582 517 1672 antiqua
538 1582 764 1648 terminatione
780 1579 832 1658 ἶνῖ.
857 1583 924 1648 vid.
948 1580 1053 1673 619.
1097 1585 1199 1671 Hinc,

113 1687 167 1769 ut,
207 1697 245 1751 ut
273 1692 298 1748 ὦ
328 1709 388 1775 pro
409 1685 537 1775 vulgari
559 1691 596 1751 ὄῡ
623 1684 658 1749 in
680 1685 799 1752 talibus
819 1685 993 1752 Aeolicum
1014 1698 1147 1753 vocetur
1161 1683 1200 1778 ¹).

114 1787 229 1877 Neque
252 1786 362 1854 miuus
383 1785 574 1852 Boeotieum
595 1797 645 1852 cst
664 1787 750 1871 βωλά
768 1785 844 1876 (pro
857 1786 989 1871 pontt),
1012 1790 1100 1878 quod
1115 1789 1203 1858 Aeo·

115 1887 214 1954 licum
236 1888 328 1954 audit
355 1887 443 1979 apud
464 1887 584 1955 Joauu.
608 1888 665 1954 Gr.
688 1889 769 1974 236,
790 1913 827 1973 a,
864 1888 960 1956 Leid.
982 1890 1063 1977 638,
1093 1891 1200 1960 Vatic.

76 2011 79 2022 ·
118 1990 190 2074 689,
212 1991 351 2057 docente
371 1991 504 2058 nomine
524 1991 656 2080 proprio
675 1991 825 2073 Εὕβωλος
845 2015 896 2055 ur.
913 1991 1007 2074 1569,
1023 2017 1061 2077 ⁸3
1082 1994 1203 2085 quippe

119 2092 211 2158 etiam
232 2091 269 2156 iu
290 2093 350 2156 laec
372 2115 451 2158 voce
472 2093 603 2178 longam
624 2093 766 2162 vocalem
787 2093 840 2160 rol
862 2093 1097 2184 diphthongum
1127 2117 1205 2162 con·
1319 2107 1322 2120 '

119 2206 252 2260 monete
291 2193 401 2284 eliqua
446 2192 547 2280 ejecta
587 2205 693 2258 natam
720 2217 816 2279 csse,
856 2193 979 2260 indicat
1010 2195 1206 2264 Lesbiacurn

119 2296 225 2380 βολλὰ,
247 2295 314 2362 vid.
338 2291 367 2384 6.
390 2295 424 2380 8,
447 2293 486 2380 8,
508 2319 615 2384 neque
636 2296 779 2362 alienum
800 2307 852 2362 est
870 2295 1060 2364 Boeoticum
1082 2299 1207 2366 Διώνυ-

121 2422 193 2479 σος,
217 2395 306 2485 quod
328 2396 450 2486 legitur
472 2393 684 2480 15791580,
707 2409 739 2463 et
759 2398 836 2464 iude
853 2398 1032 2473 Διωνύσιος
1051 2400 1105 2465 vel
1117 2409 1206 2466 Διω-

120 2499 244 2572 roriosoc
267 2497 361 2581 1569,
383 2522 413 2562 e.
436 2497 530 2562 1573.
554 2496 649 2579 1577,
672 2500 898 2582 Αιωνουσίχιος
919 2499 1002 2564 1574
1023 2494 1112 2583 (nam
1126 2507 1207 2566 Διο-

122 2601 210 2668 riuor
238 2599 273 2664 in
300 2599 483 2689 antiquiore
509 2599 749 2666 6161015996
780 2622 838 2686 pro
861 2605 886 2661 ui
907 2599 1100 2686 errantique
1128 2593 1207 2666 scri·

121 2714 213 2792 ptura
243 2695 382 2790 habu),
422 2699 451 2767 si
479 2711 681 2794 comparetur
709 2700 908 2772 Lesbiucum
942 2699 1106 2783 Ζὸννυξος.
1141 2700 1206 2769 vid.

607 3047 639 3130 §.
670 3046 724 3113 43.

493 3185 554 3245 ne
575 3185 840 3238 contncttone.

205 3329 248 3395 ln
275 3327 463 3392 universum
490 3320 721 3388 contractionis
747 3347 828 3389 usus
856 3321 942 3412 apud
963 3321 1104 3389 Boeotos
1132 3323 1212 3390 sutis

124 3457 228 3500 rarue.
274 3428 515 3495 Contrahuutur
537 3429 573 3487 ἇῑ
599 3423 678 3502 inv}
704 3423 740 3488 in
763 3427 879 3506 φυσῆτε
898 3424 984 3490 Aah.
1008 3425 1090 3508 829,
1120 3431 1159 3489 uo
1181 3433 1215 3490 ct

120 3537 166 3607 ἦ
181 3535 218 3600 in
241 3529 397 3622 genitivis
418 3523 644 3593 declinationis
664 3526 786 3616 primae
807 3525 906 3614 vulgo
933 3549 999 3590 uon
1020 3525 1213 3590 contrahun-

126 3651 197 3722 tur3
227 3657 299 3700 raro
321 3633 356 3697 iu
379 3633 398 3695 ἆ
419 3629 682 3716 conjunguntur,
710 3638 747 3692 ut
766 3631 823 3691 τᾶν
844 3650 863 3692 e
881 3624 983 3712 τάων,
1010 3627 1120 3693 Attice
1140 3629 1211 3691 coir.

126 3741 193 3806 rid.
218 3731 250 3827 6.
274 3735 327 3801 44.
370 3729 446 3800 Nou
468 3729 578 3796 miuus
603 3726 767 3794 Ποτιδάων
788 3728 869 3796 deus
891 3727 978 3819 apud
998 3727 1139 3796 Boeotus
1160 3752 1215 3796 au·

125 3895 395 3917 m-ffl

162 4009 189 4067 Ι)
226 3998 362 4056 Aeolibus
379 3997 536 4052 tribuuntur
553 3993 701 4050 accusativi
717 3991 770 4046 coir
787 3988 941 4062 ἀνθρώπως
957 4009 975 4046 a
990 3992 1018 4048 J.
1038 3994 1089 4048 Gr.
1106 3997 1171 4063 245,
1189 4010 1215 4061 a,

127 4073 302 4160 &egsum
318 4087 379 4150 619,
397 4086 515 4140 ltlrerm.
532 4087 598 4148 666,
617 4078 719 4134 deinde
732 4077 842 4144 Meinas,
861 4081 989 4133 trinomen
1005 4095 1021 4132 u
1038 4079 1065 4133 J.
1084 4079 1134 4134 Gr.
1154 4082 1216 4148 136,

126 4197 144 4232 a
162 4173 315 4238 ει113,6
341 4170 402 4238 (ubi
425 4169 516 4223 minua
540 4178 613 4222 recte
639 4166 752 4221 additur
774 4165 921 4235 triciono),
945 4163 1026 4221 Leid.
1049 4169 1115 4234 637,
1142 4169 1214 4234 Aug.

127 4267 197 4330 67⁰,
226 4259 317 4316 Vetic.
335 4261 404 4327 696,
433 4255 520 4324 Greg.
538 4255 569 4308 C.
588 4255 647 4310 661.
