2862 4770
221 339 299 420 986
600 341 657 414 De
683 337 949 440 conjugatione.

223 551 363 641 stirpes,
387 569 525 639 qnorum
546 548 684 616 initialis
706 548 801 616 litem
822 548 947 618 voculis
968 559 1040 634 est,
1062 547 1259 642 pierumque
1277 575 1333 620 se-

222 652 366 720 condum
397 652 567 742 vulgarem
598 675 693 718 usum
726 674 787 742 pro
819 651 1079 742 reduplicatione
1114 665 1330 743 angmentum

222 755 399 844 temporale
422 754 608 838 asciscunt,
643 778 711 846 quo
732 781 753 818 o
776 777 842 820 uou
865 753 901 820 in
923 781 963 834 η,
998 755 1057 822 sed
1086 755 1122 820 iu
1146 781 1167 817 ο
1189 755 1329 846 longum

222 857 346 924 Dorice
367 857 507 923 neusire
530 881 628 947 supro
649 855 868 924 indicavimus
897 859 929 941 §-
956 857 1018 933 19,
1041 857 1075 922 2.
1130 857 1227 923 Telis
1249 871 1330 924 suut

221 955 392 1045 μπᾶλλαχα
424 959 526 1026 Tber.
560 961 656 1028 2118.
689 959 730 1041 1,
765 960 826 1041 12,
871 945 1079 1043 ‹iiipdt'pmrin
1112 959 1235 1049 Sopbr·
1269 961 1328 1045 6³,

222 1058 320 1146 ἆγμοι
340 1061 533 1151 srepiseime
555 1062 642 1152 opud
663 1060 917 1146 Archimedem,
949 1062 1037 1151 opud
1065 1063 1203 1130 eundem
1229 1061 1330 1145 ἀφοί-

223 1191 322 1252 prum
353 1162 477 1252 legitur
510 1164 550 1229 ds
585 1164 669 1230 Con.
704 1189 737 1254 p.
760 1163 837 1232 259.
860 1164 934 1231 301.
966 1163 1042 1232 399.
1071 1164 1136 1232 395
1165 1187 1261 1255 seqq.
1295 1177 1329 1232 et

223 1265 467 1353 ὁοαιρὴοθοοοον
489 1265 530 1334 de
551 1265 661 1332 Helio.
692 1289 726 1354 p.
749 1267 811 1333 241
844 1289 885 1332 ex
915 1265 1270 1334 editione-Busileeusi
1294 1279 1328 1334 et

223 1369 338 1436 codice
359 1367 556 1434 ParisiuoB
578 1367 708 1434 restitui
730 1378 858 1457 oportet
880 1392 939 1459 pro
962 1368 1191 1453 διῃρήσθωσαν
1213 1374 1328 1458 (saepe

216 1487 329 1562 ‚umen
352 1471 472 1560 ᾔοημαο
493 1469 637 1536 estsine
658 1468 747 1536 veris
768 1468 949 1557 lection),
973 1493 1073 1561 quere
1090 1473 1327 1554 καθοιρημὲνος

222 1573 419 1664 scripsimus
441 1571 560 1663 Sopbr.
583 1573 627 1641 20
646 1595 706 1663 pro
729 1573 962 1659 καθῃρημένος.
1019 1571 1201 1639 Rectiusue
1230 1581 1327 1656 οἴρη-
1404 1571 1405 1576 ’

221 1703 279 1760 μοι
299 1675 461 1742 scribatur
481 1699 523 1740 sn
547 1674 686 1758 ᾅρημοο,
721 1674 807 1742 inire
829 1697 1023 1764 quaeremus
1044 1675 1076 1758 §-
1092 1675 1146 1752 36,
1164 1677 1198 1742 8.
1229 1677 1325 1764 Aug·

222 1790 369 1846 mentum
390 1779 577 1868 neglectum
600 1787 651 1842 est
681 1775 717 1842 in
740 1777 950 1860 οἷοοὸόμημοο
973 1776 1107 1844 Hercei.
1129 1778 1167 1861 Ι,
1189 1777 1241 1844 tn.
1263 1777 1323 1844 89.

221 1885 262 1951 91
286 1881 418 1948 etitem
449 1881 482 1944 in
506 1881 635 1961 οἴκημαο
655 1877 806 1944 Arcisius.
829 1881 934 1946 Areu.
963 1904 997 1968 p.
1021 1879 1095 1947 319.
1125 1919 1167 1934 -
1210 1879 1324 1946 Reto-

222 1983 356 2074 piicetio
376 1982 487 2047 Attice
509 1993 560 2047 cst
580 1982 615 2045 in
638 1979 784 2046 ἀπόλωλα
808 1981 941 2048 Hercei.
966 1981 1006 2048 B.
1031 1983 1092 2065 39,
1123 1982 1158 2046 iu
1183 1981 1324 2068 ἇγάγοχο

222 2086 263 2152 rb
286 2085 350 2168 dyo
372 2083 439 2149 vid.
462 2081 494 2165 ᾗ.
519 2083 580 2164 19,
604 2105 664 2147 nec
687 2079 893 2164 dubitamus,
922 2083 1004 2174 quin
1026 2085 1062 2149 in
1082 2085 1253 2174 plerisque
1274 2110 1323 2154 re·

220 2185 323 2276 liquis
353 2183 473 2266 inerit,
507 2205 590 2274 quse
617 2183 718 2272 vulgo
747 2207 818 2248 erm
847 2186 1026 2273 postulunt.
1081 2187 1164 2252 Num
1188 2189 1321 2264 innexo,

221 2287 263 2354 de
284 2307 351 2375 quo
372 2285 447 2352 vide
468 2285 500 2369 ξ.
524 2287 587 2368 42,
618 2284 729 2373 potius
757 2297 808 2352 cst
835 2287 1017 2376 perfectum
1040 2289 1057 2354 1
1077 2289 1227 2356 Doribus
1249 2313 1322 2378 pro·

221 2389 331 2480 prium
352 2411 412 2480 pro
441 2387 571 2476 vulgari
598 2387 747 2476 perfecto
776 2389 922 2457 secondo
953 2389 1076 2469 ἀκήκοα
1109 2389 1224 2480 usque
1244 2391 1322 2458 iude

222 2492 264 2558 de
285 2490 543 2582 reduplicatione
575 2490 706 2580 saepius
735 2492 888 2581 neglectu
910 2493 1129 2580 conjecturum
1151 2495 1262 2562 fucere
1282 2494 1321 2560 li·

221 2606 292 2682 cet,
331 2593 477 2678 ἦνογμοι,
511 2593 600 2684 quod
624 2592 798 2683 aliquoties
827 2595 951 2684 legitur
979 2595 1067 2685 epod
1087 2595 1321 2662 Archimedem

223 2698 265 2764 dc
294 2697 404 2764 Helie.
440 2719 473 2786 p·
496 2696 561 2764 229
582 2719 700 2788 seqq.,
736 2719 828 2762 mero
860 2697 1039 2787 spbulmrte
1067 2721 1126 2788 pro
1156 2697 1321 2782 ἰοήνημοο

222 2801 380 2890 scriptum
404 2821 477 2864 esse
497 2797 644 2880 ridetur,
676 2797 766 2886 quod
795 2797 917 2864 ibidem
941 2801 1045 2866 multo
1067 2787 1202 2890 saepius
1222 2801 1320 2867 trudi·

221 2913 296 2982 ture
340 2899 459 2968 Doridi
489 2923 555 2964 nou
577 2899 745 2988 proprium
774 2909 826 2964 ost
855 2899 1113 2984 ὑποκατώρυκται
1135 2901 1256 2991 Sopbr.
1281 2903 1321 2970 33

220 3003 293 3068 sine
315 2999 574 3090 reduplicatioue
597 2999 663 3065 vid.
688 2999 810 3068 Buttm.
836 3002 852 3066 1
874 3003 906 3085 §.
931 3001 973 3070 85
1003 3013 1072 3070 not.
1096 3007 1128 3070 1.
1151 3043 1193 3056 ·-
1222 3003 1320 3070 Cete-

220 3126 291 3170 rom
323 3100 538 3192 reduplicatio
567 3113 600 3167 ct
628 3114 839 3190 augmentum
868 3105 1185 3196 praepositionibus,
1220 3119 1258 3172 ut
1283 3107 1320 3170 or

220 3206 342 3296 vulgo,
365 3203 462 3271 etism
484 3203 519 3268 in'
541 3203 585 3270 iis
605 3203 734 3288 vorbis,
770 3231 855 3297 quoe
878 3207 988 3296 potius
1009 3231 1027 3272 e
1050 3208 1243 3298 compositis
1265 3209 1319 3274 de·

219 3307 322 3376 riveto
344 3331 441 3400 quem
462 3307 534 3398 ipsu
567 3307 838 3395 compositionem
868 3331 965 3398 passu
995 3319 1091 3392 sunt,
1125 3311 1319 3402 pierumque

219 3421 480 3502 postponuntur,
516 3421 552 3475 ut
580 3411 743 3474 tvtettoeo
774 3410 902 3476 Hercei.
926 3411 963 3493 1,
985 3412 1028 3477 72
1056 3437 1075 3478 ι
1103 3435 1191 3478 noro
1218 3415 1320 3479 verbs

220 3515 348 3593 ἱνδιόω,
384 3511 575 3594 ἐνδοδάμηκα
599 3509 688 3576 Cret.
712 3513 818 3596 3053,
850 3537 869 3578 e
898 3513 1060 3580 contr-urio
1081 3515 1319 3597 nsnpmyydsczo

220 3615 353 3684 Heracl-
377 3617 413 3694 l,
440 3616 501 3682 117
522 3625 572 3680 est
594 3639 613 3679 ι
634 3613 795 3696 πρώγγυος
817 3615 839 3679 1.
863 3638 894 3680 e.
918 3616 1110 3701 προῦῃυος,
1134 3617 1316 3699 noos'yyvoe.

307 3717 418 3800 Quum
449 3717 677 3807 antiquissimu
701 3715 898 3782 Graecorum
926 3718 1061 3807 lingua,
1096 3717 1131 3782 id
1159 3717 1250 3804 quod
1280 3743 1318 3784 ex

221 3819 408 3886 Homericis
431 3819 631 3884 esrminibns
655 3818 734 3883 setis
755 3829 863 3905 potet,
897 3843 963 3885 non
995 3821 1060 3886 duo
1088 3817 1217 3884 diverse
1249 3845 1318 3910 per·

222 3921 305 3986 iectu
328 3919 479 4003 brrxcrit,
515 3921 572 3986 sed
595 3943 695 3984 noum
719 3942 755 3982 ca
779 3921 873 4010 iege,
906 3933 942 3986 ut
963 3933 1036 4012 post
1058 3919 1187 3986 vocales
1209 3922 1318 3988 termi-

221 4021 345 4088 uetioni
369 4048 406 4098 κ,
430 4021 464 4086 1ο
485 4035 575 4112 purte
598 4021 710 4086 saltem
733 4022 931 4104 formarum,
957 4023 1208 4113 praefigeretur,
1243 4048 1318 4090 eou-

220 4123 320 4192 sone'e
349 4135 456 4192 eutem
485 4125 618 4214 stirpem
649 4123 839 4190 claudentes
870 4150 910 4192 oe
940 4149 1082 4216 unquam
1104 4137 1317 4208 mutarentur,

220 4227 412 4294 recentioris
436 4227 569 4315 linguae
584 4225 853 4294 cousuetudinem
871 4227 991 4294 Dorice
1006 4227 1165 4294 disiectus
1180 4239 1319 4315 sequuts
