2872 4780
238 379 310 454 146
641 379 698 452 De
720 375 918 452 vocalibus.

236 611 274 664 ην
296 595 472 666 exeuntes,
500 595 540 650 nt
567 585 650 662 εἵην,
691 581 867 660 &totototo
897 581 942 646 el.
973 581 994 648 3
1022 579 1070 671 pl.
1101 575 1178 666 εἶτα,
1220 581 1336 648 aoristi

237 687 383 778 passivi,
406 697 442 751 ut
464 685 657 764 έδικάσθην,
681 683 799 768 ἐφάνην
819 685 863 750 el.
889 683 1072 760 έδέκασθεν,
1098 685 1217 765 φανείς.

300 795 333 867 e)
375 805 591 879 quaeeunque
612 811 630 852 s
653 787 813 878 stirpibus
835 783 1023 852 verbalibus
1042 784 1078 850 in
1101 808 1116 848 s
1137 784 1336 852 exeuntibus

237 891 461 977 descendunt,
492 903 529 955 nt
551 890 586 954 in
609 891 741 956 llerael.
764 879 878 968 θήσω,
904 886 1066 965 enaddan,
1091 887 1243 969 ἄρνησις,
1268 889 1337 970 έμε-

75 1047 77 1054 ,
124 1029 127 1034 -
236 994 414 1082 speleum,
452 991 630 1071 orobionem
661 1001 746 1078 eto,
786 991 905 1069 κινήσω
937 987 1057 1079 Sopbr·
1086 987 1149 1072 98,
1189 987 1336 1068 ἀκίνητος

237 1095 347 1164 llbod.
376 1095 480 1180 2525,
502 1094 544 1178 b,
577 1091 794 1177 Ἀγηοίδαμος
825 1093 889 1160 lss.
921 1089 1004 1160 1835
1036 1089 1078 1156 ab
1110 1091 1241 1174 ἡγέομαι
1272 1105 1333 1158 ete.

237 1201 289 1267 Eo
310 1199 475 1290 pertinent
494 1197 590 1264 etism
613 1219 669 1280 ea,
694 1219 777 1288 quae
800 1221 814 1260 τ
836 1219 896 1286 per
915 1191 1203 1282 transpositionem
1225 1193 1260 1258 in
1282 1216 1336 1260 ex·

237 1304 319 1370 itum
339 1301 461 1368 radicis
482 1303 699 1388 aeceperunt,
728 1307 765 1363 nt
785 1296 914 1381 γνήσιος
935 1307 968 1362 et
989 1297 1174 1380 καολγνητος
1194 1294 1294 1361 Pind.
1318 1319 1337 1361 a

237 1428 297 1488 γεν,
321 1403 479 1482 έσκληκώς
495 1401 613 1492 Epieh.
628 1399 690 1467 106
705 1411 738 1464 et
755 1398 891 1484 σκληρός
902 1398 1004 1464 Pind.
1020 1423 1039 1464 a
1058 1405 1140 1476 οκελ,
1161 1399 1337 1482 τρημοπέζα

239 1505 358 1597 Sopbr.
388 1506 431 1572 99
459 1529 478 1569 a
505 1525 576 1588 sep,
614 1503 724 1588 εἴρηκα
752 1501 861 1568 llbod.
892 1499 1000 1585 2905,
1039 1498 1196 1584 εἰρήσεται
1221 1499 1336 1582 rint,

239 1607 339 1692 ῥήτρα
361 1607 494 1674 llerael.
526 1615 559 1670 et
589 1605 673 1693 apud
696 1603 897 1672 Tarentinos
926 1602 994 1668 vid.
1026 1602 1080 1668 Et.
1104 1599 1153 1667 bl.
1176 1601 1259 1686 703,
1282 1601 1334 1681 44,

240 1711 413 1795 ρηολαργος
434 1707 553 1799 Epieb.
585 1707 653 1774 vid.
686 1705 781 1772 Suid.
805 1707 902 1772 Pbot.
928 1705 1075 1794 llesyeb.
1105 1727 1123 1769 α
1151 1703 1260 1770 radies
1290 1712 1336 1788 ρε,

239 1811 319 1877 olim
342 1815 425 1894 Fpe,
449 1809 537 1898 qood
559 1823 609 1876 est
630 1831 648 1876 e
670 1817 733 1892 Fep
756 1807 1011 1899 transpositione
1034 1808 1156 1873 laetum
1176 1805 1220 1871 el.
1244 1805 1337 1893 έρέον.

305 1912 340 1993 d)
383 1921 548 2002 postremo
576 1913 678 1978 multa
709 1911 773 1976 alia
807 1911 860 1977 rel
890 1909 1034 1990 derivata
1064 1909 1117 1976 vel
1146 1908 1339 1996 composita,

240 2025 278 2078 ut
297 2018 399 2096 γῆρας
420 2014 464 2078 el'.
491 2013 607 2098 γέρων,
640 2007 724 2089 ἦθος
745 2013 788 2078 ol.
813 2009 910 2090 έθος,
940 2011 1100 2098 ἀκήρατος
1120 2009 1221 2077 Pind.
1247 2035 1339 2078 asr-

240 2113 360 2199 ράοαο,
394 2113 552 2200 κρήμνημι
573 2123 606 2177 et
627 2113 765 2195 κρημνός
786 2113 884 2179 Pind.
916 2139 933 2180 a
964 2113 1138 2198 κρεμάσαι,
1172 2112 1268 2192 νηλής
1297 2113 1338 2180 ab

242 2213 344 2293 ἕλεος,
368 2219 559 2293 ἱππηλάτας,
583 2214 776 2298 διφρηλάτας
797 2215 898 2281 Pind.
922 2217 963 2282 ab
986 2215 1102 2281 ἐλαύνω
1123 2214 1192 2281 vid.
1218 2229 1286 2282 not.
1304 2217 1339 2298 4,

242 2315 388 2400 ἐτήτυμος
411 2341 451 2382 ex
472 2316 581 2400 ἔτυμος
609 2316 869 2408 reduplicatione
891 2329 1021 2404 ortum,
1054 2320 1209 2404 τριετηρές
1229 2317 1337 2386 llbod.

241 2419 338 2506 2525,
363 2419 384 2486 b
406 2429 439 2485 et
459 2421 658 2503 πενταετηρές
678 2419 810 2510 llerael.
834 2421 875 2486 ab
896 2420 964 2498 έτος
987 2445 1064 2512 gen.
1088 2419 1184 2496 ἔτεος.

326 2521 362 2604 8)
404 2519 573 2589 Nonnulla
595 2523 822 2612 reperiuntur,
845 2547 929 2614 qnae
951 2523 1002 2590 bis
1024 2523 1207 2615 praeceptis
1227 2522 1341 2591 adrer-

243 2637 355 2690 sentur
376 2637 431 2690 snt
452 2624 624 2706 videantur
645 2623 831 2693 adversari:

182 2778 185 2795 .
307 2724 342 2810 a)
383 2729 568 2805 Ἰπποκλέας
596 2727 695 2793 Pind.
727 2729 768 2794 P.
792 2728 844 2813 X,
876 2727 908 2794 5.
937 2727 998 2812 57,
1036 2752 1120 2818 qnae
1152 2739 1202 2794 ast
1237 2729 1341 2796 torma

244 2829 383 2894 maxime
404 2829 539 2895 barbara
567 2853 628 2920 pro
653 2833 849 2909 Ἰπποκλέης
906 2831 953 2896 At
982 2853 1001 2896 e
1028 2830 1164 2898 seboliis
1193 2843 1340 2922 apparet,

243 2951 373 2995 carmen
395 2929 475 2995 olim
500 2933 678 3010 ‘Inuoxtsi,
713 2955 780 2998 non
805 2934 971 3013 Ἱπποκλέᾳ
999 2932 1194 3024 inscriptum
1216 2933 1341 3020 [οἰκος

243 3029 363 3096 deinde
383 3053 415 3096 v.
439 3031 481 3097 57
502 3031 660 3099 librornrn
684 3034 782 3100 lectio
803 3047 853 3101 est

394 3129 444 3196 τὸν
463 3134 629 3214 Ἱπποκλέᾳ
651 3134 695 3199 ἔτι
718 3139 772 3200 κατ’
792 3141 906 3218 μᾶλλον
928 3135 983 3200 οὖν
1006 3135 1129 3212 ἀοιδαῖς

245 3232 303 3298 nbi
323 3235 507 3300 Ἱπποκλέαν
535 3233 790 3304 ellittersbnsii
822 3249 854 3306 et
881 3235 1043 3304 Sebmidii
1072 3239 1260 3326 eonjeetnra
1292 3263 1342 3307 re·

245 3348 374 3426 eeptnnn
399 3347 460 3402 est.
503 3337 575 3404 Jnm
597 3351 699 3430 patet,
721 3365 818 3432 qnam
841 3341 938 3410 loeile
959 3341 1127 3406 Ἰπποκλτᾶ
1149 3340 1251 3408 seribi
1265 3365 1342 3432 pos·

245 3440 309 3523 ait3
345 3461 418 3506 narn
446 3440 556 3507 biatns
581 3441 714 3533 quidem
743 3445 825 3511 nibil
853 3441 1046 3511 offensionis
1067 3442 1165 3509 babet
1185 3455 1218 3510 et
1238 3467 1342 3535 qnan-

244 3563 341 3630 qoam
371 3541 535 3622 Pindarus
563 3547 664 3636 vulgo
691 3545 726 3612 in
759 3547 802 3612 iis
830 3569 914 3637 qnae
943 3565 1017 3610 eom
1046 3546 1136 3621 κλέος
1162 3545 1342 3636 composita

245 3655 339 3720 sont,
373 3657 538 3736 correptas
559 3648 680 3714 formos
701 3649 809 3715 τῦκλέᾶ
830 3661 892 3715 ete.
915 3637 1079 3738 praefert,
1110 3649 1212 3714 semel
1230 3657 1342 3714 tamen

244 3743 353 3810 εὐκλεᾶ
381 3747 501 3836 legitor
529 3749 628 3838 Pytb.
651 3751 738 3834 xll,
760 3753 813 3820 24.
866 3749 955 3834 Quid
977 3773 1054 3815 vero
1075 3751 1177 3816 altaro
1198 3752 1274 3820 loeo
1295 3749 1342 3816 l'a·

243 3845 396 3912 eiendnm
421 3860 470 3914 est
504 3875 535 3916 v.
560 3854 599 3930 5,
633 3875 699 3942 qno
727 3850 843 3918 conlisi
870 3851 1094 3918 incredibilem
1116 3853 1253 3920 formam
1276 3875 1342 3918 non

243 3947 379 4014 moleste
407 3951 573 4016 tolerunt?
630 3953 696 4019 Ubi
729 3978 829 4044 qnnm
863 3953 993 4044 legatur
1019 3951 1136 4020 'Alesia
1165 3979 1196 4020 τε
1219 3955 1339 4032 παῖδες,

242 4051 407 4133 Ἱπποκλέᾳ
428 4053 600 4130 ἐθέλοντες,
625 4055 782 4122 loeillime
804 4057 927 4147 corrigi
949 4067 1074 4147 potest:

389 4153 506 4219 Ἀλεύα
528 4157 668 4220 τεπαῖδ’
691 4160 723 4233 ές
740 4160 910 4224 Ἰπποκλεᾶ
930 4161 1088 4233 ἐθέλοντες

394 4253 515 4338 ἀγαγεῖν
536 4259 706 4339 ἐπικωμίαν
727 4258 848 4344 ἀνδρῶν
871 4261 981 4326 κλυτὰν
1003 4262 1077 4326 ὅπα.
