2834 4762
102 355 133 449 §.
147 353 208 432 tl.
246 357 306 430 De
318 356 598 434 Boeoticaedial.
614 358 653 432 in
671 343 782 454 vocal.
803 361 896 456 prol.
911 361 1063 436 inconst.
1118 355 1191 434 197

101 561 224 626 vocalis
256 559 345 651 apud
374 561 516 630 Boeotos
544 583 659 628 sonunt
691 564 804 631 eodem
832 565 927 631 modo
957 563 1188 651 signifieat-ent.

101 661 244 728 Boeotos
273 675 382 728 autem
419 665 511 752 ipsos
544 687 604 729 ettr
637 665 805 756 proprium
833 690 947 732 sonunt
975 666 1099 730 ratione
1123 689 1218 734 non,

16 813 17 844 3
100 761 194 829 valde
228 763 395 850 probanda
425 765 629 854 expressisse
659 768 834 856 putamus‘l
887 767 974 835 Num
1005 769 1088 832 sorte
1117 765 1189 830 lite·

16 859 17 864 *
99 889 208 930 rarum
240 889 335 931 nsunt
366 891 406 934 eo
438 867 567 932 demum
597 878 741 958 tempore
776 868 962 957 accepisse,
1006 891 1071 958 qno
1103 867 1191 957 apud

97 989 154 1032 eos
176 967 341 1053 Graecos,
379 969 465 1034 uude
494 969 695 1059 acciperent,
733 970 887 1059 antiquus
908 970 1067 1035 vocalisti
1090 993 1190 1036 sonus

95 1067 160 1154 jam
182 1081 325 1134 mutatus
346 1081 452 1148 esset,
496 1071 541 1136 ita
570 1081 607 1136 ut
627 1071 750 1136 nullam
780 1070 961 1160 simplicem
990 1071 1116 1136 literam
1137 1095 1190 1135 re·
1315 1085 1328 1096 “

98 1169 263 1256 perirem,
303 1197 366 1262 qua
389 1197 503 1238 sonum
526 1171 608 1262 ipsis
635 1172 801 1262 proprium
830 1173 1072 1259 significarent?
1122 1172 1188 1238 Nc·

97 1293 148 1337 no
180 1271 280 1340 laeile
312 1274 440 1353 credet,
482 1273 672 1364 praesertim
704 1299 804 1365 quum
833 1275 993 1357 Romani,
1036 1299 1118 1365 quos
1145 1275 1188 1340 'li-

98 1384 182 1438 teraa
211 1385 288 1462 post
314 1373 457 1440 Boeotos
483 1375 649 1463 accepisse
676 1374 895 1442 certissimum
922 1375 1071 1459 videtur,
1110 1401 1187 1444 eun·

98 1474 169 1540 dent
200 1477 324 1542 vocalis
355 1501 470 1542 sottum
501 1477 643 1564 simplici
671 1477 765 1558 litera
797 1478 940 1544 seribere
969 1502 1036 1544 non
1063 1477 1188 1544 dubita·

98 1575 215 1642 verint.
272 1577 376 1665 Igitur
396 1579 511 1644 Boeoti
533 1579 612 1644 olitu
641 1579 841 1668 seripserunt
862 1589 897 1656 ῦ,
931 1573 1075 1668 posteras
1106 1605 1187 1650 sono

98 1702 161 1743 non
191 1691 332 1762 mutato,
367 1691 532 1746 mutarunt
560 1681 769 1770 scripturam,
809 1707 910 1770 quum
941 1682 1040 1747 ceteri
1069 1682 1187 1748 Graeci

98 1781 193 1868 signo
215 1793 342 1846 servato
362 1783 460 1848 aliam
489 1783 785 1872 pronuntiationem
805 1783 1010 1849 tribuissent.
1072 1785 1187 1851 Boeoti

98 1881 198 1972 igitur
218 1883 398 1972 scripturae
419 1885 591 1950 mutandae
611 1885 734 1951 nullam
756 1885 919 1950 babebant
939 1909 1085 1963 oausam,
1120 1885 1198 1976 nisi·

100 1995 134 2048 nt
162 1984 197 2052 in
224 1986 390 2051 literarum
419 2010 500 2052 sono
521 1973 587 2054 sibi
616 2011 690 2052 cum
717 1986 855 2078 reliquis
877 1987 1012 2052 Graecis
1034 1987 1185 2053 eonveni-

97 2099 162 2169 ret‚
184 2089 391 2177 quantumvis
413 2089 570 2156 dialectus
592 2089 800 2178 discreparet.
857 2088 972 2178 Neque
993 2113 1069 2156 vero
1090 2089 1184 2180 prius

97 2187 237 2254 Boeotos
268 2193 434 2282 antiquam
457 2193 649 2282 scripturam
669 2191 710 2256 atl
740 2191 932 2281 peregrinas
954 2191 1110 2258 dialectos
1131 2217 1182 2258 ae-

98 2291 315 2358 eommodasse
336 2294 503 2382 probabile
525 2305 595 2376 est,
628 2319 725 2382 quam
746 2293 930 2358 intercursu
952 2317 1026 2358 eutn
1045 2294 1184 2383 reliquis

98 2393 249 2460 Graeciae
278 2395 410 2484 populis
441 2407 533 2460 aucto
562 2395 684 2461 Dorica
712 2405 745 2461 et
773 2396 911 2460 maxime
932 2395 1042 2460 Attica
1069 2395 1184 2486 lingua

98 2495 198 2587 aragia
232 2487 401 2586 magisque
437 2497 679 2580 innotuissent,
718 2495 838 2586 quibus
872 2495 1013 2586 primum
1051 2498 1182 2590 antiqua

98 2597 291 2667 Boeotorum
320 2598 498 2689 scriptura,
530 2623 606 2664 mox
634 2599 705 2688 ipsa
727 2599 885 2666 dialectus
913 2597 1073 2686 cessitt).
1139 2601 1183 2666 Et
1235 2593 1240 2603 ’

96 2700 224 2791 egregie
255 2699 463 2766 confirmatur
493 2701 606 2790 opinio
641 2711 752 2766 nostra
780 2723 819 2766 eo
849 2699 937 2788 quod
965 2699 1000 2764 iu
1028 2699 1182 2770 Boeotiae

94 2801 297 2896 potissimum
313 2801 448 2887 linibus,
473 2803 672 2870 Orchomeni
686 2813 719 2868 et
729 2803 900 2889 Tanagrae
917 2809 1001 2868 uo'va
1016 2804 1182 2874 scribendi

95 2905 172 2970 ratio
192 2902 373 2972 invaluisse
390 2905 535 2992 videtur,
557 2904 690 2994 antiqua
707 2903 878 2972 tenebatur
897 2903 933 2971 in
955 2905 1060 2972 media
1082 2917 1177 2993 terra,

93 3006 215 3074 ‘l'bebis
237 3016 271 3073 et
290 3007 473 3074 Lebadeae.

171 3107 248 3176 Jam
276 3133 352 3175 vet-o
382 3133 449 3175 non
477 3134 555 3176 easu
584 3110 697 3199 aliquo
724 3110 845 3175 laetum
876 3124 949 3194 est,
993 3122 1029 3176 ut
1056 3109 1092 3176 in
1121 3103 1178 3178 iis·

92 3213 162 3280 denr
183 3211 292 3278 titulis
314 3213 460 3303 nequea't
486 3211 521 3288 itt
544 3212 600 3296 iti,
632 3235 738 3301 neque
760 3213 791 3277 in·
810 3213 865 3280 vel
885 3215 909 3294 ῷ
929 3215 966 3278 ἰιι
987 3213 1005 3276 ti
1026 3223 1176 3278 mutetur.

91 3317 203 3397 Quum
240 3313 328 3379 enirn
358 3315 536 3380 cavendum
568 3324 673 3391 esset,
715 3337 758 3380 ne
789 3314 900 3378 eadem
932 3314 1027 3379 litera
1058 3314 1178 3402 duplex

90 3439 210 3481 munus
233 3414 429 3500 sustineret,
457 3439 517 3504 pro
540 3416 571 3479 ὀῖ
592 3425 625 3480 et
645 3414 668 3494 ᾦ
689 3438 756 3480 non
775 3426 901 3504 poterat
926 3427 943 3478 ῦ
971 3415 1074 3504 (qnod
1093 3415 1180 3482 baud

90 3517 188 3586 dubie
222 3539 303 3583 sono
331 3517 419 3608 apud
443 3515 590 3610 reliquos
617 3516 761 3585 Graecos
791 3516 911 3584 usitato
936 3516 1177 3606 pronuntiatum

117 3825 146 3890 2)
184 3823 251 3878 Nou
273 3821 368 3891 aliter,
395 3822 445 3892 qni
468 3821 552 3876 bodie
571 3821 736 3877 Germaniae
759 3820 902 3876 interioris
918 3821 1038 3876 dialecto
1056 3830 1177 3890 utuntur,

87 3909 119 3963 ad
138 3907 280 3963 vocalist't
303 3909 471 3978 peculiarem
493 3925 589 3962 sonum
615 3909 675 3975 (tte
698 3909 787 3963 troad
806 3909 927 3964 German
949 3911 1055 3977 soant)
1080 3910 1175 3980 expri-

89 3998 216 4050 meum
241 3993 365 4050 scribunt
389 4005 535 4061 woater3
563 3998 679 4064 majores
697 3993 784 4048 nostri
800 3995 972 4066 scripserunt
995 4007 1120 4062 water,
1147 4009 1176 4054 ut

88 4083 243 4136 etiamnunc
268 4081 362 4149 Angli.
413 4081 486 4146 Sed,
516 4091 659 4150 postquam
682 4081 783 4134 invasit
806 4091 834 4135 et
857 4081 1000 4151 superavit
1023 4082 1176 4152 superioris

89 4167 255 4223 Germaniae
273 4167 421 4237 dialectos,
446 4167 481 4222 atl
499 4167 579 4235 bajus
601 4165 851 4237 pronuntiationem
868 4167 1005 4238 scriptura
1022 4185 1174 4225 accommo-

89 4254 175 4312 taur.
