2778 4748
402 268 461 342 Ad
485 267 646 344 Librum
675 271 892 350 seeundum.
1116 275 1190 352 567

14 505 18 544 ε
85 473 139 555 1,
179 471 358 557 ἄφηρωὶῖαι
384 472 505 560 legitur
535 473 570 538 in
598 472 750 563 plurimis
783 473 885 544 titulis
913 475 1072 544 Thoracis
1102 477 1187 568 apud

83 573 253 642 Rossium
284 600 334 640 nr.
357 574 538 642 203-218.

179 703 284 768 lhid.
316 727 374 769 nr.
397 704 429 771 8.
474 705 515 768 la
536 702 633 768 titulo
654 701 814 770 Ahesinn
835 703 901 770 iota
922 707 1079 775 omisaurn
1102 719 1187 776 aeta-

81 805 136 871 tis
158 805 259 872 luerit
278 816 315 872 ut
335 805 370 870 in
392 805 544 896 Astypal.
562 805 660 888 2485,
683 806 742 896 qui
764 829 793 870 a.
813 805 873 872 105
895 831 924 872 a.
942 807 1020 874 Chr.
1045 811 1187 901 scriptus

14 929 15 934 ¹
80 919 155 974 est.
211 908 261 974 Ea
290 908 378 973 enim
408 917 511 974 aetate
541 907 627 974 illud
655 907 880 1000 negligentiae
910 931 1015 996 genus
1046 913 1188 1001 grassari

79 1023 244 1101 coeperat
267 1011 334 1076 vid.
358 1009 476 1076 Franz.
502 1010 619 1100 Epigr.
654 1034 687 1100 p.
712 1011 785 1076 155.
809 1011 882 1076 233.

177 1139 274 1230 Pap.
299 1137 359 1206 191
391 1137 415 1204 l.
440 1139 492 1206 18.
538 1139 663 1206 Eodem
686 1137 878 1206 Huschltius
901 1139 941 1204 dc
963 1141 1075 1208 Auuio
1098 1142 1187 1208 Cian-

78 1239 151 1306 hro
172 1265 205 1332 p.
223 1241 263 1308 31
286 1241 400 1307 retulit
419 1247 501 1326 πᾶς,
525 1243 614 1334 quod
637 1243 671 1308 in
694 1241 750 1308 Et.
773 1241 821 1308 M.
845 1243 927 1320 651,
949 1244 971 1308 4
994 1253 1026 1306 ct
1047 1243 1101 1308 Et.
1125 1243 1183 1310 0r.

80 1341 240 1426 136,15
272 1369 290 1409 a
314 1343 532 1436 Syracusanis
560 1370 620 1436 pro
648 1344 750 1430 πατήρ
782 1345 904 1412 dietum
932 1367 1004 1410 csso
1034 1345 1183 1414 traditur.

78 1443 178 1512 Male
200 1455 307 1511 tamen
332 1471 407 1512 cuna
428 1445 648 1524 Valckenario
670 1449 710 1517 nd
733 1447 892 1513 Herodot.
916 1445 977 1512 lv.
1010 1471 1043 1536 p.
1070 1447 1133 1514 307
1155 1460 1186 1514 ct

78 1547 125 1612 ad
159 1548 270 1614 Adon.
308 1573 339 1640 p.
364 1551 427 1618 382
454 1553 500 1614 nai
527 1550 627 1618 scribi
654 1549 769 1637 juhet3
813 1573 887 1615 uam
917 1549 956 1615 de
984 1549 1186 1617 nominativo

75 1655 170 1730 πᾶς,
204 1676 279 1742 gen.
304 1657 350 1716 πᾶ
370 1663 497 1719 constat
524 1665 689 1742 praeterea
718 1652 989 1742 eChoerobosco
1010 1652 1115 1718 Belah.
1148 1675 1182 1742 p.

75 1753 191 1838 1181,
214 1755 360 1821 Arcadio
383 1781 416 1846 p.
443 1753 523 1840 125,
547 1756 608 1840 17,
639 1755 694 1821 Et.
720 1755 808 1820 Gud.
831 1755 914 1837 151,
937 1753 955 1819 1
978 1765 1011 1820 cl
1031 1755 1182 1820 Euatath.

76 1855 150 1922 565
172 1855 221 1922 ἰο.
266 1857 368 1949 Apud
388 1857 594 1947 Aeschylum
616 1855 734 1948 Suppl.
755 1857 829 1924 869.
850 1857 914 1924 876
935 1881 995 1946 pro
1019 1851 1044 1919 ni
1065 1861 1109 1939 βᾶ
1127 1861 1185 1941 γᾶς

76 1959 147 2022 παῖ
173 1961 237 2023 Ζεῦ
270 1983 289 2026 e
317 1961 443 2027 scholio
476 1953 502 2024 ui
529 1959 625 2045 πάτερ
657 1963 740 2038 Ζεῦ,
774 1963 831 2043 γῆς
863 1961 924 2023 παῖ
945 1959 1184 2025 Valckenarius
1245 1997 1250 2014 ι

75 2059 258 2152 proposuit
281 2056 308 2126 ai
329 2065 389 2128 παῖ
406 2067 464 2148 γᾶς
484 2066 530 2126 πᾶ
550 2067 633 2142 Ζεῦ,
657 2085 758 2154 quum
780 2061 879 2152 vulgo
900 2059 1071 2152 Scaligero
1093 2085 1184 2152 prae·

77 2176 184 2230 eunte
206 2169 250 2248 βᾶ
272 2190 289 2230 e
310 2169 441 2250 βασιλεῦ
462 2165 664 2232 decurtatum
686 2175 829 2255 putetur.
897 2163 984 2230 Nolo
1003 2165 1184 2255 quidquam

76 2267 266 2349 affirmare3
311 2266 535 2357 suspicionem
561 2277 669 2332 tamen
692 2265 853 2356 quandam
875 2265 1032 2353 injiciunt
1052 2265 1183 2354 glossae

78 2365 335 2456 Hesychiauac'a
376 2370 557 2450 Βαγαῖος
587 2407 629 2417 -
660 2365 738 2441 Zarin
765 2368 904 2452 Φρύγιος
935 2379 968 2432 et
995 2366 1181 2450 Μαζεύς,

78 2469 96 2534 ὁ
124 2467 207 2544 Ζεὺς
227 2466 316 2550 παρὰ
337 2471 447 2552 Φρυξί.
495 2466 586 2550 Quid
608 2467 717 2550 enim,
748 2467 777 2531 ai
798 2467 986 2558 Aeschylus
1008 2467 1183 2556 peregrina

78 2569 138 2637 dci
160 2571 293 2638 uomina
314 2583 448 2662 captans
470 2569 641 2660 scripserit
665 2561 692 2632 ai
711 2571 832 2652 Baynia
852 2572 967 2645 Μαζεῦ
987 2581 1043 2634 aut
1066 2563 1092 2632 oi
1113 2577 1182 2633 Βα-

77 2671 159 2760 γαῒέ
173 2677 219 2738 nai
242 2675 327 2739 Zai'l
351 2712 390 2723 —
434 2671 561 2738 lhidem
583 2696 614 2736 v.
630 2672 704 2739 867.
727 2671 791 2738 876
814 2665 840 2734 ὦ
860 2675 905 2754 μᾶ
924 2676 965 2753 γᾶ
987 2671 1111 2738 scholia
1132 2671 1181 2735 in·

77 2787 304 2868 terpretautur
332 2771 358 2839 οἷ
384 2777 479 2860 μῆτερ
503 2779 544 2860 γῆ
566 2787 599 2840 et
619 2773 813 2839 Eustathins
835 2797 967 2864 quoque
988 2773 1014 2838 l.
1037 2773 1062 2838 l.
1088 2773 1182 2838 (locet

79 2885 126 2964 μᾶ
147 2902 207 2968 pro
230 2878 332 2962 μήτηρι
354 2901 437 2943 esse·
506 2877 615 2962 Quare
645 2889 733 2942 recte
761 2875 847 2964 apud
867 2875 1079 2940 Theocritum
1100 2874 1179 2958 XV,

78 2983 122 3051 89
147 2981 233 3047 idem
255 3005 336 3047 usus
358 2979 567 3070 agnoscitur,
605 3003 706 3070 quana
730 2977 877 3044 scholion
900 3001 918 3042 a
941 2976 1180 3043 Ruhnkenioe

79 3083 197 3150 codice
226 3083 409 3150 Parisiensi
438 3081 602 3174 proditum
630 3081 663 3148 τό
695 3085 739 3163 μᾶ
770 3077 856 3144 dicat
883 3079 1102 3164 Συρακούσιον
1130 3082 1180 3143 ἐπὶ

80 3186 321 3271 ἀγανακτήσεως
342 3185 511 3268 λεγόμενον.
570 3183 659 3250 Benc
681 3183 768 3248 enim
790 3181 1028 3250 Valckenarius
1051 3205 1178 3270 compa·

79 3289 167 3355 ravit
187 3287 334 3378 Δάματερ
365 3290 443 3356 item
472 3287 507 3354 in
538 3283 800 3374 interjectionem
828 3307 970 3350 versum.
1024 3283 1176 3351 Ceterum

80 3395 126 3474 μᾶ
147 3415 221 3457 cum
243 3395 320 3474 μαῖα
342 3389 594 3482 comparandum
616 3399 667 3455 est
688 3398 724 3452 ut
744 3391 785 3471 γᾶ
806 3410 878 3452 curn
900 3387 986 3470 γαΐα.
1010 3423 1051 3435 -
1104 3385 1178 3451 Jana

80 3517 159 3558 vero
182 3493 340 3560 credibile
365 3506 435 3577 est,
478 3491 689 3558 brevissimas
711 3489 788 3556 illas
809 3491 943 3556 voculas
971 3491 1034 3563 πᾶς
1063 3499 1096 3554 et
1121 3493 1176 3569 μᾶ,

83 3619 168 3684 quae
197 3597 318 3662 rectius
340 3593 602 3685 simplicissimas
626 3595 744 3684 stirpes
766 3592 920 3658 exhihere
942 3615 1038 3682 quana
1062 3613 1177 3680 apoco-

82 3721 125 3789 pc
144 3699 281 3788 quadam
300 3711 370 3765 orla
391 3707 566 3788 putantur,
591 3697 677 3788 apud
699 3693 832 3763 Siculos
852 3685 1059 3786 potissimum
1082 3717 1177 3759 usur·

81 3812 173 3891 palas
197 3813 228 3866 et
249 3803 388 3869 lortassc
409 3789 496 3891 apud
521 3797 724 3892 Sophronem
747 3797 848 3864 lectas
871 3797 988 3862 luisse.
1040 3795 1069 3863 E
1093 3794 1177 3860 Sici·

81 3903 127 3970 lia
150 3927 224 3970 curn
246 3905 321 3970 aliis
343 3927 409 3968 non
429 3901 545 3994 paneis
566 3901 754 3990 Aeschylus
775 3898 967 3990 apportavit.

168 4051 265 4140 Peg.
290 4051 352 4120 194
379 4051 403 4117 l.
426 4053 460 4120 9.
505 4053 659 4120 Attamen
680 4052 787 4136 χρυσῷ
809 4043 948 4130 στεφάνῳ
968 4044 1092 4134 legitur
1114 4040 1174 4107 Ca·

83 4153 185 4240 lymn.
207 4153 304 4224 2671.
758 4153 763 4162 “
