2872 4780
222 345 295 426 166
622 341 680 414 De
704 335 901 414 vocalibus.

221 547 297 635 ejus
317 544 528 612 temeritatem
549 543 733 620 recusabit,
766 543 825 634 qni
845 563 975 609 ornnem
996 537 1092 606 istum
1111 535 1326 604 testimonio·

222 673 293 718 rum
313 645 556 714 multitudinem
578 669 597 712 e
617 645 743 712 scholio
764 645 805 712 ad
826 642 1039 710 Homericum
1060 644 1127 724 dois
1140 637 1183 705 lt.
1201 663 1236 721 η,
1250 637 1326 706 2³8

179 749 182 756 ’
222 751 406 842 pertinente
428 749 563 816 fluxisse
592 748 764 838 opinetur,
796 746 884 838 qnod
904 744 1026 812 Dorica
1055 739 1253 833 diphthongi
1282 763 1325 806 ou

221 854 257 920 in
277 879 301 918 ω
317 851 495 918 mutatione
511 849 704 941 explicatum
722 861 782 916 est.
828 847 926 932 Quod
947 849 1013 931 βῶς
1033 845 1068 912 in
1091 843 1235 910 frustuio
1256 841 1325 908 illo

221 955 346 1023 Dorieu
371 955 527 1045 scripturn
551 965 624 1039 est,
646 954 681 1019 in
703 957 793 1018 tants
813 950 887 1037 ejus
908 945 1107 1016 obscuritate
1127 967 1243 1036 parom
1263 967 1325 1012 vs·

222 1057 290 1144 loti
321 1069 485 1148 postremo
514 1054 692 1123 Theocrito
721 1077 817 1144 qnam
846 1052 880 1118 iu
909 1051 962 1118 bis
988 1050 1087 1118 rebus
1117 1071 1183 1114 non
1211 1045 1327 1138 possit

223 1159 365 1242 eoubdi,
397 1158 432 1225 in
458 1158 556 1225 tertio
582 1155 668 1232 libro
697 1155 880 1222 accuratius
901 1150 1208 1220 demonstrabimus.
1253 1147 1325 1216 Ne·

224 1283 289 1354 que
310 1275 418 1330 tamen
448 1260 636 1344 silebimus,
673 1281 756 1348 quae
778 1257 899 1324 Dorica
921 1257 988 1338 doit·
1006 1266 1040 1320 et
1059 1257 1123 1340 χῶς
1144 1251 1186 1318 ab
1208 1251 1325 1318 istius·

212 1364 313 1458 *modi
343 1362 601 1430 dubitationibus
627 1359 803 1426 defendere
831 1359 1015 1426 videantur.
1070 1353 1191 1422 Doridi
1217 1351 1323 1430 tribu·

224 1477 325 1532 untur
352 1465 456 1544 Τύδης
476 1487 536 1554 pro
563 1461 680 1539 Τυδεύς
707 1460 788 1550 (vid.
812 1461 844 1545 ἓ.
868 1461 931 1546 30,
953 1455 988 1546 7)
1020 1469 1052 1526 et
1080 1461 1137 1533 uir'o
1165 1479 1225 1548 pro
1245 1460 1324 1532 roric

225 1568 307 1643 (vid.
339 1567 371 1652 ξ.
395 1569 472 1650 31),
509 1589 694 1658 quenquam
723 1589 765 1631 ue
792 1567 872 1631 baso
900 1561 1032 1654 quidem
1063 1559 1322 1627 certissimorum

81 1661 85 1672 ’
226 1669 366 1736 fontium
399 1669 589 1736 anctoritate
619 1668 827 1750 confirmata,
861 1665 981 1757 quibus
1014 1659 1179 1732 simillimo
1207 1673 1324 1728 essent

224 1777 291 1854 βὼς
319 1785 351 1839 et
379 1778 443 1859 χῶς
471 1772 585 1840 altera,
600 1772 706 1839 rouali
727 1779 803 1861 post
824 1769 964 1856 ojoutuna
984 1789 1004 1832 v
1024 1765 1192 1857 producto.
1236 1764 1323 1831 Eam

226 1886 333 1940 tomen
347 1874 511 1941 ‘rationem
536 1897 643 1966 neque
663 1873 816 1940 omuibus
831 1871 976 1938 Doribns
991 1869 1194 1936 communem
1215 1865 1324 1934 inisse

227 1999 336 2064 nequo
358 1976 514 2042 severiori
530 1975 648 2042 Doridi
670 1971 910 2058 uindicandam,
934 1973 1004 2056 sed,
1027 1971 1054 2036 si
1069 1969 1202 2062 quidem
1218 1989 1322 2059 gram

227 2077 417 2142 matieornm
439 2077 636 2144 testimonio.
649 2073 775 2166 aliquid
797 2075 874 2141 fidei
889 2073 1097 2141 tribuendum
1117 2085 1187 2157 est,
1209 2071 1320 2162 paneis

229 2177 422 2268 quibusdam
446 2177 658 2244 Dorionsinm
678 2177 812 2270 populis
833 2177 1022 2266 propriam,
1055 2197 1247 2266 persuasum
1265 2176 1320 2240 bs·

227 2280 363 2363 bamus,
397 2299 504 2370 noque
525 2280 682 2346 audemus
703 2303 843 2368 negare,
874 2277 945 2345 beri
966 2279 1131 2368 potuisse,
1163 2291 1200 2344 ut
1222 2279 1322 2346 Hera·

229 2383 398 2465 oieenses,
431 2383 488 2472 qui
512 2381 675 2448 severiore
696 2381 823 2450 Doride
844 2381 1037 2464 ntebsntur,
1061 2399 1135 2447 oum
1156 2381 1323 2472 plerisque

231 2483 366 2551 Graecis
388 2489 466 2566 βοῦς
487 2497 519 2550 et
539 2491 616 2570 χοῦς
636 2483 906 2575 pronuntiarunt,
935 2481 1073 2572 Argivi,
1103 2482 1160 2574 qui
1181 2483 1321 2567 mitiore,

163 2655 167 2663 ,
229 2591 295 2670 fluit
317 2597 350 2652 et
369 2591 445 2671 χῶς.
491 2583 581 2670 ‚Quid
601 2611 703 2673 vero,
725 2587 814 2677 quod
834 2598 961 2677 praetor
983 2585 1193 2652 Homericum
1215 2586 1322 2654 loson

230 2693 296 2771 βῶν
316 2689 413 2755 etism
434 2689 521 2779 apud
543 2689 745 2757 Herodotum
767 2691 821 2775 ll,
843 2690 886 2758 40
904 2697 937 2755 et
953 2687 1001 2753 vl
1012 2737 1022 2766 ,
1044 2687 1087 2755 67
1107 2688 1141 2754 in
1164 2688 1321 2755 librorum

228 2801 320 2880 perte
348 2789 487 2855 traditur
520 2803 552 2857 ot
579 2779 634 2859 irio
664 2793 796 2882 qnidam
825 2790 987 2882 propriam
1023 2791 1088 2856 vim
1108 2801 1259 2874 'tenens,
1292 2801 1322 2858 et

230 2891 319 2979 qnod
335 2889 561 2980 Pherecydes,
586 2893 643 2982 qui
665 2893 778 2960 Ionius
800 2893 938 2958 dialecto
960 2915 1039 2958 usus
1061 2905 1122 2978 ost,
1144 2889 1321 2960 secundun

231 2992 356 3058 Herod.
380 3019 413 3057 π.
436 3019 468 3074 μ.
492 3000 519 3058 λ.
542 2993 583 3076 6,
608 2995 649 3061 16
671 2993 737 3073 Ζῆς
765 2995 848 3062 dixit
875 3018 935 3084 pro
958 2995 1057 3072 Ζεύς,
1092 3019 1192 3086 quum
1222 2994 1322 3074 Τυδῆς

231 3119 292 3185 pro
319 3093 434 3170 Τυδεύς
455 3093 614 3162 Doricum
629 3118 709 3162 esse
731 3095 961 3188 perhibeatur?
1014 3097 1136 3183 Vides,
1167 3111 1320 3190 quantum

231 3197 266 3263 in
289 3198 351 3263 boo
378 3197 453 3262 loeo
481 3197 525 3262 sit
553 3197 786 3283 dubitationis,
821 3221 904 3290 quae
927 3199 982 3264 vix
1003 3201 1078 3268 tolli
1100 3201 1222 3292 possit,
1257 3195 1320 3266 nisi

231 3298 379 3390 puriores
400 3297 535 3366 Doridis
557 3301 665 3366 sontes
686 3301 763 3368 novi
784 3301 979 3392 aporiantur.

314 3401 411 3480 πώς,
435 3400 494 3476 πός
515 3403 697 3492 (corrigunt
718 3401 812 3489 ποῦς)
834 3399 894 3468 ὑπὸ
917 3405 1068 3488 Δωριέων
1088 3403 1233 3494 Hesyob.
1257 3427 1318 3468 uun

231 3503 337 3594 magis
360 3501 560 3570 dubitatione
581 3517 687 3588 earet,
724 3529 823 3597 quum
846 3505 881 3570 iu
904 3505 1025 3572 tabulis
1048 3503 1317 3596 ldersoleeusibus

231 3609 311 3681 ποῦς
332 3605 459 3696 legetur
478 3605 651 3690 11,*34.et
670 3611 798 3692 τρίπους
817 3607 858 3674 Β.
882 3609 913 3688 3,
936 3609 964 3673 l.
984 3609 1045 3694 48,
1069 3609 1116 3692 11,
1129 3609 1161 3674 2.
1200 3605 1317 3691 Qum,

99 3759 103 3766 .
231 3705 297 3773 nisi
320 3707 517 3801 fortunaliud
538 3709 623 3801 quid
641 3711 737 3792 latet,
761 3711 872 3779 nescio
895 3735 934 3777 sn
951 3723 1063 3777 oontra
1084 3711 1250 3776 literarum
1272 3731 1320 3775 or·

232 3807 342 3977 diu2spu
374 3809 467 3885 πός,
499 3817 577 3888 ποῦς
608 3813 835 3902 corrigendum
866 3815 928 3897 sit,
961 3813 1003 3880 de
1031 3837 1095 3904 qua
1125 3813 1228 3878 forma
1255 3809 1318 3877 uid.

230 3907 263 3993 g·
316 3913 445 4098 ti)⁴⁰ln
467 4013 543 4082 aliis
565 4013 758 4105 quibusdam
781 4017 1123 4100 omnesDorieuses
1145 4040 1220 4084 cnm
1238 4015 1320 4082 Asu·

230 4113 318 4180 libus
346 4125 379 4181 et
407 4115 544 4184 Ionibus
579 4145 603 4180 ω
633 4119 770 4203 babent,
815 4145 875 4210 pro
906 4119 1017 4188 Attico
1049 4133 1082 4186 et
1112 4116 1242 4207 vulgari
1273 4141 1318 4182 su.

231 4215 375 4282 Primum
408 4219 564 4309 particula
594 4213 644 4284 oia
673 4246 732 4310 pro
761 4217 816 4287 odo
843 4235 876 4288 et
903 4222 979 4288 inde
1001 4229 1062 4307 γῶν
1083 4246 1142 4314 pro
1163 4223 1237 4304 γοῦν
1258 4243 1320 4286 aon
