2862 4770
411 327 443 417 §.
466 327 525 404 30.
577 327 633 400 De
657 323 899 400 declinatione
923 325 985 400 111.
1175 325 1252 406 235

592 526 803 596 Pluralis.

148 637 248 706 Nous.
273 635 380 720 γένεα,
402 657 467 701 ree.
491 631 565 716 γένη
722 630 887 713 συγγενέες,
908 652 975 696 ree.
995 634 1146 713 συγγενεῖς
1161 635 1250 715 (συγ.

748 731 844 816 γενές)
900 755 934 798 n.
971 732 1137 817 συγγενέα,
1181 756 1247 800 ree.

752 837 885 918 συγγενῆ

153 941 239 1009 Ceu.
277 941 404 1026 γενέων,
433 936 544 1005 nond.
574 937 677 1004 Ther.
725 936 908 1021 συγγενέων,
932 934 1041 1002 flauo.
1061 936 1164 1004 Ther.
1184 949 1247 1006 ete.

301 1053 365 1108 ete.
389 1046 486 1126 yeeoin
755 1042 906 1124 συγγενῶν

150 1145 228 1212 Dat.
273 1146 429 1230 γενέεσσι,
452 1143 552 1228 γένεσι
722 1141 933 1226 συγγενέεσσι,
959 1140 1116 1224 συγγενέσι

150 1249 234 1315 Aee.
272 1248 378 1332 γένεα,
403 1267 470 1312 neo.
494 1245 564 1329 γένη
725 1243 908 1328 συγγενέας,
936 1265 1004 1308 ree.
1028 1245 1180 1326 συγγενεῖς

750 1369 786 1411 u.
811 1345 972 1430 συγγενέα,
1012 1368 1081 1413 ree.
1107 1349 1246 1429 συγγενῆ.

151 1466 265 1535 Dativi
294 1465 434 1556 pluralis
463 1463 646 1556 exemplum
675 1463 711 1530 in
740 1463 930 1556 purioribus
960 1463 1107 1530 fontibus
1136 1464 1248 1554 legere

149 1595 216 1636 non
239 1567 469 1653 meminimus3
513 1567 625 1657 itaque
656 1566 836 1633 seeundum
864 1567 1049 1658 analogiam
1079 1566 1247 1634 fluximus.

149 1671 320 1763 Longiore
342 1672 444 1736 forme
465 1669 602 1754 γενέεσσι
622 1669 827 1760 antiquiores
847 1669 955 1736 Dores
980 1693 1059 1736 usos
1080 1684 1247 1760 putemus.

148 1817 192 1830 -
236 1773 311 1842 Non
333 1771 457 1838 Dorice
487 1782 564 1838 sunt
587 1771 801 1856 heteroclita,
836 1771 978 1862 quaein
1000 1772 1188 1838 recentibus
1209 1772 1249 1838 ti·

150 1879 232 1946 tulis
251 1879 429 1968 leguntur-2
458 1874 644 1960 Θηραμένου
665 1873 700 1939 iu
722 1873 968 1964 Pholegandrio
989 1873 1103 1940 Rossii
1125 1899 1176 1940 ur.
1192 1875 1248 1955 29,

155 1981 355 2066 Φερεκράτου
376 1977 508 2069 Anapis.
532 2001 583 2042 nr.
609 1979 630 2044 7
651 1975 695 2042 R.
728 1975 943 2062 (Ἐχεκράτου
964 1977 1000 2042 in
1024 1977 1127 2043 Ther.
1149 1978 1247 2046 2448.

150 2085 220 2164 111,
242 2086 306 2168 21,
339 2084 428 2173 quod
452 2089 564 2148 eontra
587 2077 694 2172 ipsius
716 2079 806 2147 tituli
827 2077 1099 2148 consuetudinem
1121 2093 1252 2171 peceat·

148 2187 352 2278 corruptelae
383 2191 571 2273 suspectum
601 2185 682 2268 est)3
715 2182 834 2250 deiude
864 2182 1093 2267 Ἀριστομένην
1113 2183 1244 2274 Anapis.

147 2289 256 2369 2478,
302 2289 502 2372 Στρατοκλῆν
530 2287 652 2376 Αελῃι.
681 2285 785 2370 2488,
828 2285 994 2368 Διομήδην
1023 2286 1059 2352 iu
1088 2309 1247 2352 marmore

149 2391 352 2459 Faruesiauo
368 2400 452 2474 ete,
475 2387 641 2454 vocativus
656 2387 811 2472 Σωκράτη
833 2400 865 2454 et
888 2387 1009 2455 similia
1026 2388 1145 2480 Argis.
1164 2389 1248 2456 1148

151 2519 245 2584 seqq.
290 2493 463 2559 Contraria
483 2489 610 2556 ratione
633 2499 769 2580 peoeaut
784 2491 986 2566 Βασιλελδευς
1007 2490 1043 2554 iu
1062 2489 1160 2556 titulo
1176 2491 1247 2557 Coo

151 2621 202 2662 ur.
227 2595 312 2664 2513
334 2607 365 2661 et
387 2591 518 2660 Rhodio
539 2591 645 2675 2546,
668 2591 843 2674 Σομιὰδευς
865 2591 973 2659 Rhod.
998 2591 1096 2670 2534,
1120 2603 1153 2658 et
1173 2591 1246 2682 ipsa

150 2695 293 2764 recentia
320 2708 418 2788 etque
446 2692 671 2778 stolonibus,
715 2695 745 2762 si
774 2693 856 2786 quid
883 2694 1056 2778 ridemus,
1099 2707 1244 2786 aeeepta.

148 2799 233 2866 Nam
255 2799 415 2866 Doricum
437 2799 628 2872 Βαοιλελδας
655 2795 743 2862 houd
771 2796 868 2864 faeile
890 2795 931 2862 ad
951 2797 1080 2864 tertiam
1102 2797 1245 2865 deelina-

149 2901 272 2969 tiouem
295 2901 402 2968 delabi
424 2909 561 2990 poteret.

232 3001 343 3070 Voces
365 3027 439 3069 eum
462 3003 551 3078 κλέος
572 3001 770 3093 compositae
791 3001 915 3092 ubique
934 3026 948 3067 ε
966 3003 1123 3091 ejiciunt:
1146 3001 1242 3069 Noun.

146 3107 313 3191 Ἡρακλῆς
335 3105 455 3196 Sophr.
477 3107 530 3173 27.
555 3105 618 3172 100
639 3117 702 3172 ete.
732 3144 771 3156 ·—-
817 3105 902 3172 Gen.
928 3106 1128 3184 ‘smenon
1162 3113 1245 3173 Λιο-

150 3209 241 3284 κλέος
265 3217 326 3274 ete.
355 3207 391 3273 in
422 3208 559 3296 Tegeat.
582 3207 749 3300 Megalop.
773 3207 944 3274 Hermiou.
968 3207 1094 3296 Meges.
1119 3209 1241 3274 Aeeru.

148 3309 285 3399 Coa-eye.
310 3309 400 3376 Cret.
424 3311 545 3401 Agr-ig.
571 3309 645 3376 Cel.
670 3313 771 3396 Aen,
805 3321 838 3376 et
867 3321 1031 3378 contracte
1052 3316 1242 3394 Συσικλεῢς,

151 3415 333 3499 Χαρικλοῦς
354 3413 389 3478 iu
409 3413 515 3479 titulis
536 3413 698 3498 Rhodiis,
721 3413 900 3502 Cyrenaeis
915 3425 977 3478 ete.
1000 3412 1068 3478 vit.
1085 3413 1117 3496 ἓ.
1129 3411 1185 3495 25,
1202 3412 1243 3497 33

149 3537 316 3604 nunquam
337 3518 520 3592 Σοοοικλοῦς
539 3517 593 3582 vel
617 3516 736 3582 similia
758 3517 924 3605 leguntur.
975 3515 1140 3581 Pindarus
1162 3514 1243 3582 adeo

148 3616 239 3692 κλεός
261 3615 345 3682 dixit
364 3641 424 3708 pro
446 3619 551 3694 κλέεος
572 3619 749 3684 seeundum
773 3615 898 3684 Seholl.
920 3615 1015 3682 Nem.
1042 3617 1088 3701 ii,
1106 3617 1160 3700 77,
1185 3617 1241 3686 Et.

147 3719 198 3786 Μ.
222 3719 299 3803 517,
320 3719 382 3802 25,
406 3719 460 3788 Et.
487 3719 528 3785 G.
552 3719 628 3806 326,
651 3722 682 3788 3.
707 3759 747 3772 -
791 3719 867 3786 Dar.
889 3721 1066 3798 Φαινοκλεῒ,
1093 3723 1246 3802 Θαμικλεῖ

149 3817 288 3910 Corcyr.
313 3821 398 3890 184⁰
418 3833 503 3904 eto,
543 3823 625 3889 Aee.
648 3825 807 3889 Μενεκλεά
830 3822 919 3888 Cret.
944 3823 1038 3892 3052.
1092 3821 1243 3888 vocativi

149 3923 334 4014 exemplum
356 3925 389 3987 in
412 3924 603 4014 purioribus
624 3913 771 4008 fontibus
793 3949 858 3990 non
888 3925 1071 4015 reperitur3
1109 3923 1166 3990 sed
1195 3923 1242 3990 vi·

149 4026 244 4092 detur
257 4027 420 4106 Ἥροκλες
443 4025 605 4097 Doricum
623 4052 708 4096 esse.
739 4065 779 4076 -·
825 4027 962 4094 Plenior
982 4029 1085 4094 forma
1109 4027 1143 4092 iu
1164 4027 1241 4094 titu-
1285 4013 1289 4036 ⁵

147 4127 399 4196 Bonnensibus
428 4129 575 4218 vulgaris
604 4130 743 4221 linguae
767 4143 840 4214 est,
871 4141 910 4196 ut
928 4129 1029 4198 Ther.
1052 4129 1136 4198 2557
1157 4127 1241 4198 Ἰσι-

149 4232 274 4315 κλέους,
308 4231 394 4299 2473
422 4233 630 4310 Σωσικλέους.
687 4223 971 4302 E'l'imoereoute
991 4232 1241 4314 Θεμισκοκλέους
