2784 4768
30 507 36 524 Ι
114 451 117 456 -
218 407 294 484 lun
542 408 599 490 Da,
625 403 778 486 dialecto
803 402 982 486 Boeotico.

221 633 318 704 quem
338 612 445 684 omnia
466 613 534 680 lure
554 609 723 678 maerenda
742 608 905 689 videntur,
929 631 1011 700 quae
1033 567 1313 696 adhaerebam,

222 714 438 806 Theognosto
474 723 507 780 ct
542 713 577 778 in
609 710 846 802 Etymologicis
878 710 1047 776 docentur.
1113 711 1313 800 Apollonius

209 811 319 908 'saepe
351 826 384 883 et
411 814 619 888 Herodianus
654 813 751 896 (Cor.
782 813 824 878 lr.
853 813 896 896 2)
935 811 1109 878 Corinnam
1140 813 1314 879 Boeoticae

224 917 354 988 dialecti
392 927 555 992 auctorem
593 915 732 1000 babent,
774 935 879 1003 noque
913 913 1051 994 dnbinmj
1078 913 1206 985 videtur
1232 915 1314 1004 quin

224 1020 321 1088 etiam
353 1019 452 1086 ceteri
473 1017 691 1108 cognitionem
713 1040 802 1082 suam
833 1019 903 1082 lare
924 1039 1051 1084 omnem
1073 1041 1114 1084 ex
1133 1015 1224 1082 illins
1246 1040 1316 1084 ear·

223 1123 370 1190 minibus
397 1121 581 1205 hauserint,
617 1119 693 1209 qnia
720 1121 834 1184 borum
864 1117 1142 1210 grammaticorum
1169 1129 1317 1208 tempore

226 1211 405 1290 Boeoticac'
420 1223 549 1288 dialecti
581 1245 653 1286 rara
672 1217 796 1288 mutum
817 1220 955 1312 vestigia
975 1221 1060 1316 apud
1082 1220 1223 1290 infimam
1236 1221 1316 1312 ¹ple-

225 1325 300 1390 bem
329 1349 497 1416 superesse
528 1333 687 1414 poterant.
754 1321 947 1414 Quanquam
979 1321 1178 1412 antiquiores
1208 1345 1316 1411 gram·

226 1427 381 1513 mutiens,
404 1429 461 1519 qni
483 1425 645 1500 Gorinnae
666 1423 808 1492 carmina
829 1435 1078 1508 recensuemnt,
1101 1447 1141 1489 ex
1162 1423 1236 1514 ipso
1256 1447 1318 1516 po·

226 1529 298 1631 puli
318 1554 374 1596 ore
395 1553 486 1615 eam,
509 1551 572 1620 qna
593 1551 674 1618 opus
696 1537 783 1612 erat,
805 1525 1026 1615 cognitionem
1045 1525 1192 1592 hausisse
1205 1571 1223 1622 ⁹.
1238 1526 1319 1592 satia

227 1641 349 1703 certum
375 1631 542 1704 babemus.
575 1630 618 1696 cl.
647 1621 678 1718 §-
701 1630 755 1695 41.
783 1669 826 1688 -.-
873 1628 1071 1718 Plerumque
1103 1627 1318 1716 grammatici,

228 1743 266 1809 ut
286 1731 469 1798 monuimus
499 1725 530 1820 ξ.
555 1731 593 1817 l,
626 1725 773 1799 accurate
804 1727 1011 1817 distinguunt
1036 1729 1123 1802 inter
1143 1729 1319 1802 dialectum

228 1835 396 1900 Aeolicam
417 1846 450 1899 ct
470 1833 668 1918 Bocotieam,
690 1855 763 1899 ram
784 1833 867 1897 banc
884 1831 1041 1900 Aeolieae
1062 1831 1194 1897 nomine
1216 1831 1320 1920 signi-

229 1937 337 2014 ficant.
382 1935 491 2020 Quare
511 1935 546 2002 in
567 1945 655 2002 tanto
670 1935 877 2003 Aeolicarom
899 1933 1109 1999 dialecton-um
1130 1932 1321 2000 discrimine

230 2061 416 2128 nunqnam,
447 2061 530 2128 quac
551 2027 687 2103 Aeolica
708 2049 880 2121 vocantur,
909 2034 1043 2102 Boeotis
1065 2035 1251 2108 adscribere
1279 2035 1321 2106 li·

231 2150 300 2225 eet,
322 2139 388 2214 nisi
407 2137 538 2218 aliunde
560 2138 600 2212 dc
622 2138 776 2214 Boeotios
797 2137 935 2207 dialecto
955 2135 1036 2214 lidos
1057 2136 1200 2214 accedat.

712 2374 742 2468 §-
779 2379 833 2450 aa.

588 2529 591 2536 ·
621 2520 709 2574 'no
732 2523 902 2576 aceensa·

316 2659 367 2726 De
389 2659 583 2724 Boeotormn
604 2667 738 2723 accentu
758 2657 842 2724 nibil
865 2657 934 2722 lere
956 2657 1076 2725 diserte
1097 2681 1115 2726 a
1137 2659 1323 2748 grammati·

143 2749 149 2764 ’
233 2759 281 2825 cis
306 2757 520 2848 praecipitur,
554 2759 610 2826 sed
640 2759 716 2826 inde
744 2759 882 2832 maxime
912 2758 1126 2847 intelligitur,
1159 2785 1232 2826 enm
1254 2785 1323 2830 non

235 2859 474 2948 discrepassea
497 2857 624 2945 vulgari
647 2883 747 2925 more.
801 2859 973 2950 Nusquam
995 2863 1030 2926 id
1050 2863 1154 2950 magis
1176 2875 1321 2954 apparet,

233 2983 331 3049 quarn
352 2959 388 3024 in
409 2959 580 3056 Apollonii
611 2961 698 3025 libro
720 2961 760 3025 dc
781 2963 993 3050 pronomine,
1026 2962 1084 3054 qui
1106 2988 1205 3054 quum
1227 2989 1325 3034 acuu-

231 3060 395 3126 ratiasimc
425 3070 572 3138 moneat,
608 3061 732 3131 Aeolas
762 3062 786 3126 i.
818 3085 847 3126 c.
883 3065 1023 3131 Lesbios
1056 3067 1153 3158 ¹gravi
1187 3077 1324 3136 accentu

234 3161 309 3246 ἔγων
336 3173 368 3228 et
395 3159 464 3243 ἔμοι
497 3161 692 3251 protulisse,
732 3162 856 3253 ubique
887 3165 928 3234 de
954 3165 1200 3252 Boeoticarnm‚
1239 3191 1324 3258 quas

235 3263 346 3347 affert,
374 3261 569 3344 formarum,
599 3275 735 3334 accentu
756 3276 858 3352 tacet,
891 3265 935 3332 ita
957 3279 993 3332 ut
1013 3277 1099 3334 reete
1121 3268 1206 3360 apud
1226 3269 1324 3338 illum

235 3363 334 3434 scribi
354 3363 524 3432 videantur
543 3363 599 3430 loir
619 3390 678 3457 pro
700 3365 777 3451 ἐγών
797 3391 831 3458 p.
855 3367 917 3446 64,
941 3368 996 3450 ἕμύ
1020 3395 1052 3460 p.
1077 3369 1139 3437 104
1159 3393 1220 3460 pro
1241 3372 1322 3450 ἐμοὶ,

236 3465 328 3549 adole
348 3490 407 3556 pro
429 3467 512 3548 ὑμεῖς
539 3491 574 3558 p.
597 3469 659 3536 119
673 3479 766 3554 etna
801 3469 881 3534 adeo
904 3471 996 3552 ἕμοῦς
1017 3471 1150 3538 Boeotis
1172 3482 1204 3536 et
1225 3469 1323 3560 Syra·

236 3567 364 3634 cusanis
385 3591 554 3636 commane
576 3569 656 3636 dicit
675 3593 709 3660 p.
726 3572 781 3638 94.
825 3571 930 3646 Valde
951 3571 1126 3640 dolendmn
1149 3582 1211 3659 est,
1234 3569 1325 3663 quod

235 3670 441 3748 Herodianus
457 3673 512 3756 ¹),
540 3669 598 3744 abi
619 3671 806 3750 Boeoticaua
832 3695 943 3760 vocem
972 3681 1054 3758 βανα
1079 3696 1140 3770 pro
1159 3673 1236 3762 γυνὴ
1271 3697 1326 3742 ac·

272 3933 300 3995 1)
334 3929 438 3986 llcrod.
455 3947 486 3984 π.
504 3949 534 3998 μ.
550 3929 573 3986 l.
593 3935 641 4000 18,
664 3937 706 3990 18.
735 3931 771 3989 rel
793 3929 840 3988 daal
865 3931 917 3990 rai¹
940 3919 995 4005 aliq
1018 3930 1189 4004 ἒνφερόμονι
1212 3929 1324 4003 &alvari

236 4016 366 4086 μονογενῆ
390 4015 456 4084 dria
478 4012 526 4071 dio
550 4017 682 4088 ουλλνβάς
699 4018 789 4076 πάντα
803 4019 964 4091 protiverat·
985 4019 1103 4088 πτιοᾶνη
1121 4033 1172 4076 etc.
1193 4023 1326 4092 (praeter

237 4099 362 4170 μηχανή)
381 4131 412 4144 -
430 4106 586 4172 προςέθηνο
607 4101 675 4170 alne'p
693 4103 741 4162 dio
757 4105 889 4178 atalanta
906 4105 952 4164 dmi
975 4105 1007 4162 rd
1025 4105 1096 4178 quari
1121 4103 1188 4176 παρ’
1204 4103 1325 4178 ’Ποιὸδφ

239 4233 271 4245 -
289 4201 323 4258 ω’
340 4201 392 4274 yria
418 4203 494 4272 παρὰ
511 4209 631 4281 Κορίννῃ
653 4205 743 4278 ,laica
773 4205 806 4266 ori
822 4207 912 4266 κοινὸν
934 4207 996 4266 atta·
1018 4205 1055 4270 εἷς
1079 4195 1227 4281 Elabar,
1253 4207 1324 4265 a'llri

240 4289 311 4349 ἴδιον
332 4293 407 4359 ctas
425 4291 552 4348 Βοιωτῶν
574 4291 735 4366 τασσόμενον
752 4291 812 4352 ciret
836 4295 887 4354 rori
902 4293 974 4370 rava'.
1028 4299 1109 4356 Licet
1134 4297 1324 4366 interpretari,
