2866 4766
342 335 345 342 ⁴
398 391 512 488 Md.
548 389 665 470 Varia
688 389 876 488 quaedam.
1110 389 1186 472 387

10 619 11 636 ’
93 609 126 664 et
143 595 326 663 Dorienses
354 594 407 661 nsi
436 593 630 675 dicuutur⁸)
660 619 720 688 pro
748 597 770 674 ἦ
798 593 919 682 ψύλλο,
961 595 1063 678 illud,
1096 601 1185 692 quad

91 699 179 788 apud
196 697 422 788 Phrynichum
443 723 477 790 p.
502 698 566 766 3³2
585 698 667 766 adeo
687 698 859 764 barbarum
881 697 993 782 audit,
1016 697 1052 764 in
1072 725 1185 768 receu-

10 815 11 848 ³
90 801 207 866 tiorem
230 823 434 866 communem
456 799 673 868 Graecitatem
695 787 910 891 immigrivit,
944 801 1011 866 uid.
1035 801 1182 869 Loheelr.

89 903 131 968 ad
153 903 277 993 Phryn.
310 925 344 991 p.
367 901 440 969 332.
495 901 582 968 Tum
613 901 795 969 nonnullae
824 925 924 968 voees
952 901 986 966 in
1010 925 1064 980 σς,
1099 929 1185 994 quse

10 1019 11 1056 l
89 1005 194 1096 vulgo
215 1004 398 1072 masculino
420 1027 541 1094 genere
559 1015 713 1088 utuntur,
737 1003 975 1089 declinatione,
998 1016 1105 1096 utpar
1121 1020 1183 1088 eet,

10 1125 11 1156 ¹
90 1107 191 1174 simul
212 1117 334 1174 mutata
342 1154 353 1192 ,
378 1107 465 1197 apud
486 1105 670 1174 Dorienses
691 1116 768 1172 sunt
790 1098 941 1174 neutrius
960 1109 1109 1198 generisi
1141 1109 1184 1178 τό

92 1207 235 1284 στότοτ
256 1207 376 1300 Epicu.
401 1209 444 1276 19
474 1232 492 1276 e
517 1210 677 1276 librorum
698 1207 840 1276 lectione
862 1229 880 1274 t
901 1208 1000 1276 nohis
1021 1211 1184 1298 restitute,

93 1310 178 1378 Gen.
204 1309 332 1387 σκότιος
354 1309 474 1402 Sophr.
492 1312 554 1397 80,
578 1311 667 1403 qnod
686 1311 779 1378 vocis
799 1335 906 1400 genus
926 1335 969 1377 ne
988 1311 1092 1379 Attici
1113 1313 1186 1404 qui·

93 1413 168 1481 dem
190 1414 364 1504 ignorant3
396 1411 437 1480 ed
467 1413 621 1499 σκύφος
642 1413 762 1506 Epich.
786 1413 847 1499 61,
884 1414 972 1504 qnod
995 1439 1060 1481 uon
1082 1417 1186 1504 magis

92 1515 135 1582 ah
149 1515 261 1582 Attica
277 1515 517 1582 consuetudine
530 1517 675 1583 alienum
689 1527 741 1583 est
762 1515 830 1582 vid.
843 1514 966 1581 Athen.
979 1515 1042 1594 xl,
1054 1515 1129 1585 498.
1139 1517 1185 1598 D,

91 1617 152 1684 sed
173 1617 390 1684 masculinum
418 1615 472 1683 τὸν
493 1617 616 1702 σκύφον
638 1617 758 1708 Sophr.
780 1618 843 1704 483
873 1617 1024 1686 addimus
1052 1617 1093 1686 τὸ
1123 1619 1188 1702 με’-

91 1745 218 1805 quoue
249 1743 311 1809 pro
340 1717 374 1785 ed
403 1719 555 1802 μέγαρον,
589 1744 673 1812 quae
700 1721 805 1787 forme
835 1731 969 1810 apparet
996 1745 1014 1786 c
1043 1722 1188 1812 genitivo

92 1823 215 1914 plurali
236 1822 394 1906 μεγαρὲων
416 1819 535 1912 Sophr.
558 1822 601 1889 37
622 1821 691 1890 vid.
713 1820 865 1888 Anecdd.
890 1821 975 1888 Oxx.
999 1823 1026 1901 l,
1043 1823 1185 1908 277,18.

92 1926 266 1990 Postremo
294 1923 476 1990 masculina
503 1947 564 2014 pro
591 1923 719 1992 neutris
746 1933 824 1989 nunt
851 1922 1086 2010 ὅτάροχος,
1120 1949 1188 2016 quo

89 2026 311 2116 Epicharmus
332 2049 414 2092 usus
436 2037 488 2092 est
507 2035 590 2092 teste
610 2027 782 2093 Athenaeo
800 2025 864 2109 111,
876 2023 950 2092 119.
961 2025 1004 2092 Β.
1017 2027 1063 2106 D,
1087 2052 1189 2118 quum
1210 2027 1213 2032 ’

87 2129 199 2196 Attici
219 2141 394 2218 utrumque
415 2151 520 2218 genus
540 2127 768 2220 probaverint,
791 2137 824 2194 et
846 2129 864 2193 ὁ
885 2123 1061 2211 θάμβος,
1090 2131 1188 2216 cujus

89 2233 296 2324 singularem
318 2255 415 2297 usum
438 2231 628 2298 Simonides
649 2229 789 2312 (Seholl.
814 2229 859 2294 A.
883 2227 983 2296 ΙΙοιο.
1008 2232 1048 2299 ΙΙ.
1074 2235 1109 2307 d,
1131 2233 1189 2312 79)

89 2336 235 2402 fortasse
255 2332 478 2399 Doriensihus
499 2333 608 2400 dehet.

178 2439 213 2518 2)
256 2436 296 2500 Iu
330 2433 608 2524 comparativi
639 2445 672 2500 et
704 2432 965 2520 superlativi
996 2433 1189 2501 formatione

88 2537 254 2606 nonnulla
276 2535 456 2626 peculiaris
477 2545 533 2601 eut
554 2543 642 2600 certe
663 2531 822 2600 notabilia
846 2533 1073 2601 observantur.
1115 2535 1192 2601 Pri-

88 2665 185 2709 mum
215 2637 378 2724 adjectiva
414 2637 450 2701 in
488 2661 523 2712 ος
556 2635 643 2726 apud
672 2640 787 2726 polites
819 2633 963 2703 Doricos
992 2635 1191 2726 irregulares

90 2739 334 2832 comparativos
362 2749 395 2804 et
423 2736 640 2828 superlativus
662 2737 698 2802 in
720 2759 845 2820 εστερος
867 2747 900 2803 et
921 2760 1047 2815 ausurae
1069 2749 1192 2824 amant,

89 2867 205 2937 neque
226 2841 350 2910 Atticis
379 2862 488 2930 neque
516 2837 656 2906 Ionibus
683 2838 828 2928 ignotos.
881 2837 937 2906 Ah
959 2839 1134 2906 Eustathio
1155 2840 1191 2906 in

87 2950 188 3038 larga
210 2946 251 3013 de
273 2969 311 3012 ea
331 2967 367 3011 re
390 2940 610 3033 disputetionc
631 2964 665 3031 p.
682 2939 834 3025 1441,11
855 2963 949 3034 seqq.
973 2965 1014 3010 en
1034 2942 1192 3035 Epichar-

87 3075 147 3120 mo
180 3049 357 3114 afferuntur
388 3044 622 3130 cillon'ureooe,
657 3043 877 3128 ἔπτηρεστὲρσ,
919 3042 1190 3130 ἇναγτσοσότιττος,

90 3151 329 3240 ὦραοέστατος,
353 3173 395 3215 ex
416 3148 531 3215 eodem
554 3145 755 3234 admimaooe
776 3145 998 3213 ahAthenaeo
1011 3145 1056 3228 Χ,
1068 3147 1145 3215 424.
1158 3147 1191 3214 D

90 3267 126 3325 et
141 3253 299 3322 Euettth.
322 3251 399 3336 746,
420 3249 463 3317 46
485 3261 518 3316 et
539 3247 773 3334 διοκοτέστερος
793 3247 916 3338 legitur
935 3248 971 3314 in
992 3272 1110 3332 vasu,
1133 3249 1194 3340 qui

90 3357 209 3425 eidem
231 3375 306 3418 cum
327 3375 444 3443 magna
465 3353 536 3420 veri
559 3351 669 3444 specie
688 3349 847 3418 tribuitur
867 3351 909 3416 ir.
935 3349 1009 3418 159.
1051 3349 1194 3417 Dinolo·

87 3463 184 3530 chus
207 3453 343 3520 Siculus
371 3477 412 3520 ex
433 3455 598 3522 Eustathii
625 3452 813 3522 testimonio
839 3451 1069 3537 γεττατεότατος
1097 3451 1193 3536 dixit,

90 3557 312 3632 Stesichorus
344 3556 636 3642 ὑπερθυμέστατος,
672 3557 813 3624 Alcman
840 3555 1050 3638 ἡδυμὲστστος
1078 3577 1194 3622 seeun-
1320 3611 1327 3629 ,

92 3665 179 3732 dnm
201 3659 257 3728 Et.
280 3657 329 3724 Μ.
351 3657 433 3737 420,
458 3657 519 3746 503
551 3659 639 3751 apud
670 3659 851 3724 Pindarum
881 3666 958 3722 sunt
990 3655 1195 3740 ἀπονέσττρος

93 3775 130 3834 et
155 3760 394 3846 dodora'uuaooe
416 3761 471 3830 01.
493 3761 527 3828 ΙΙ
532 3808 547 3856 ,
569 3762 622 3830 60.
643 3761 705 3830 104
713 3813 724 3841 ,
748 3759 959 3836 αἰδοιέστατος
985 3757 1041 3825 01.
1065 3759 1128 3845 ΙΙΙ,
1151 3761 1196 3828 44

94 3863 313 3951 (αἰδοιότατος
332 3863 374 3930 Ρ.
399 3863 444 3948 V,
467 3861 541 3950 18),
566 3863 784 3952 ἀρχοοέστερσς
805 3863 848 3928 lu.
868 3861 930 3947 203
953 3865 1196 3946 ἑταβολέστοτος
1280 3959 1286 3966 ¹

97 4035 371 4044 —u—-u—-a--s—u-

136 4115 168 4180 3)
203 4113 327 4186 ttssych.
345 4113 430 4168 Phot.
444 4109 524 4166 Suid.
542 4123 564 4164 s.
580 4123 606 4162 r.
622 4106 714 4171 ψύλλο
729 4105 928 4178 Epicharmum
946 4107 1100 4164 masculino
1118 4121 1196 4162 usum

98 4215 167 4254 esse
186 4201 304 4258 tradunt.
341 4199 449 4260 Scholt.
462 4197 552 4256 Arist.
573 4195 649 4252 Ptut.
664 4197 715 4252 537
733 4189 759 4250 oi
776 4195 803 4248 dl
820 4195 927 4270 Δωριεῖς
944 4193 1081 4270 ἅρσττττῶς
1098 4193 1199 4262 munus

97 4283 149 4340 rtis
167 4285 274 4348 φύλλον.
698 4327 700 4330 -

941 4393 1003 4462 25’
