2778 4748
362 315 420 392 Ad
442 315 605 394 Librum
629 319 850 396 Secundum.
968 267 972 276 ι
1078 313 1153 404 ddi

62 517 173 602 κομεῦς
201 519 390 588 atticotos
417 519 508 589 Nott.
533 519 630 590 Gritt.
663 546 697 614 p.
718 523 793 594 418.
858 523 913 594 Eo
931 547 1010 597 vero
1030 529 1154 620 majore

55 623 133 711 jure
155 634 330 712 utrumqne
350 623 578 712 homonymiae
600 647 705 714 genus
728 637 955 717 comparator,
985 632 1074 722 quod
1095 655 1154 702 nu·

60 725 148 793 mina
173 726 209 792 in
231 731 308 804 κλῆς
335 725 424 817 apud
445 727 623 796 Homerum
647 727 736 794 etin
759 727 914 798 Boeotios
935 731 1075 802 dialecto
1098 737 1154 804 de·

60 827 239 897 clinatione
264 829 454 896 nominihus
482 830 518 896 in
540 853 591 906 cuc
618 829 785 898 simillima
814 844 912 918 aunt,
947 838 1155 927 quemadmo-

61 929 137 996 dnm
158 932 345 1016 ‘Honestior
373 943 407 1000 et
426 932 583 1000 Boeoticc
603 935 770 1010 Διοκλκῒος
797 943 835 1000 ut
862 939 1025 1016 Θεοπκεῒος
1051 965 1070 1008 a
1096 947 1156 1008 Θε·

62 1031 179 1110 cncede.
216 1031 411 1125 Quanquam
432 1035 500 1126 ipsi
520 1035 715 1109 nominativi
737 1057 905 1128 nunquam
926 1036 963 1104 in
984 1040 1072 1119 κλούς
1092 1053 1155 1110 ter·

58 1133 175 1202 minati
197 1161 272 1206 osse
293 1137 467 1224 ridentum
502 1161 578 1204 narn
602 1137 828 1222 Πατροκλεύς,
850 1139 940 1230 quod
961 1139 1087 1231 Papius
1108 1146 1157 1212 ai·

58 1239 123 1304 fert
144 1262 164 1305 e
184 1239 281 1308 Phot.
301 1240 392 1307 Bibi.
416 1239 489 1308 eod.
502 1237 565 1307 16⁷
585 1262 661 1306 curn
681 1243 770 1308 varia
791 1239 935 1310 lectione
952 1251 1153 1328 Πατροκλῆς,

59 1340 115 1407 vir
138 1342 247 1408 verius
269 1354 321 1410 eat
341 1367 437 1434 quarn
467 1343 503 1409 in
530 1343 714 1432 fragmento
735 1342 797 1410 illo
818 1342 1016 1414 Plutarchco
1037 1358 1071 1414 et
1090 1350 1156 1418 ior·

59 1453 147 1510 usse
178 1467 219 1510 ex
246 1443 364 1512 eadem
399 1445 543 1536 genuina
574 1446 679 1512 forma
713 1447 918 1531 Πατροκλέας
955 1463 1155 1540 corruptum.

58 1543 156 1630 dam,
192 1547 221 1614 ai
245 1547 402 1614 Roscium
424 1547 576 1614 andimus
598 1547 703 1614 lnacr.
726 1547 772 1614 ll.
801 1570 836 1637 p.
857 1548 921 1632 20,
951 1551 1023 1640 ejus
1045 1555 1156 1621 homo·

58 1647 189 1738 nyniae
210 1649 305 1738 origo
325 1651 368 1717 ab
388 1649 474 1740 ipsis
492 1649 645 1742 Pelasgis
665 1650 842 1740 repetenda
863 1663 934 1730 est,
957 1677 1042 1743 quoa
1059 1679 1156 1748 saepe

57 1750 107 1833 (id
130 1752 219 1842 qnod
241 1753 394 1819 hodierni
416 1751 535 1820 Graeci
556 1753 664 1820 iacere
685 1752 795 1820 solent
815 1763 853 1820 ut
874 1754 892 1820 ὀ
913 1753 1092 1834 Κύκλωπος
1102 1805 1114 1837 ,
1139 1759 1157 1824 o'
1228 1800 1231 1804 -

56 1853 209 1940 πατέρας)
239 1857 462 1922 accusativum
490 1855 650 1945 pluralem
672 1853 928 1922 masculinorum
951 1857 986 1924 in
1008 1859 1157 1927 nomina·

56 1955 162 2022 tivum
184 1956 385 2046 singularem
409 1957 612 2024 convertisse
629 1955 731 2039 dicit,
753 1956 869 2024 eodem
884 1957 1018 2044 ἅκδροκ,
1042 1961 1157 2048 εὐσχή-

56 2083 156 2141 μοκοκ
174 2069 208 2124 st
228 2059 356 2127 similes
377 2059 624 2128 recentissimae
646 2057 842 2126 Graecitatis
863 2063 1067 2130 accusativos
1092 2076 1156 2132 tra·

57 2161 152 2228 bens.
218 2163 267 2228 Ae
294 2162 549 2228 Adamantinnm
578 2161 694 2228 Corsis
723 2162 803 2228 oiim
833 2161 956 2230 similia
985 2164 1156 2234 docentem

56 2265 256 2330 refutaverat
275 2263 463 2332 Loheclaina
485 2265 608 2332 Parall.
638 2287 674 2354 p.
698 2265 772 2332 142.
840 2262 910 2348 Qui
932 2287 1033 2356 quum
1056 2267 1156 2352 dicat,

57 2365 94 2430 in
108 2364 252 2431 Dissert.
271 2364 312 2428 de
327 2364 507 2452 Ambignia
526 2368 637 2454 (quam
659 2363 772 2432 ridere
795 2365 891 2432 nobis
915 2389 982 2434 nou
1002 2369 1156 2458 contigit)

57 2466 244 2534 ostendisse
273 2489 332 2549 ae,
374 2487 440 2555 qno
468 2465 652 2555 pertineant
679 2465 812 2580 pumina
840 2470 973 2556 propria
994 2471 1155 2556 Λεπρέος,

55 2568 221 2653 ’Δμοκβεάς
237 2579 271 2634 et
290 2566 431 2650 similia,
454 2566 520 2657 ipsi
541 2565 582 2634 de
603 2567 886 2654 homonymiarum
907 2567 1038 2636 illarum
1060 2593 1156 2638 causa

57 2693 215 2764 quaerere
225 2693 265 2738 co
276 2669 387 2737 minua
397 2669 672 2762 periclitabimur,
694 2667 784 2760 qnod
794 2669 887 2748 satis,
905 2668 1038 2760 idquod
1046 2683 1157 2740 nostra

56 2775 225 2852 intererat,
248 2774 472 2864 exemplorum
492 2771 589 2863 copia
610 2769 763 2839 docuisse
783 2771 946 2852 ridemur,
968 2773 1100 2842 nomina
1120 2775 1157 2842 in

57 2877 93 2942 in
105 2884 311 2966 atrocesque
323 2897 382 2966 pro
394 2873 910 2965 nominibnsinatncpositanon
922 2874 1155 2944 barbaraesse.

144 2978 331 3046 Redeamus
352 2978 394 3044 ad
415 2977 615 3044 Pindareum
636 2977 866 3068 Hippoeleam.
905 2977 1012 3065 Cujus
1035 3003 1155 3046 nomen
1233 3050 1235 3054 ,

58 3104 244 3173 quenquam
266 3092 400 3173 apparet
420 3105 534 3172 parum
555 3091 643 3148 recte
661 3079 797 3148 anobis
818 3081 957 3148 maxime
980 3081 1154 3148 barbarum

58 3183 182 3250 dictam
200 3205 294 3261 esse,
318 3195 458 3252 attamen
479 3183 628 3274 suspicio
648 3182 808 3274 quaedam
827 3181 905 3250 inde
927 3182 1043 3268 oritur,
1066 3184 1156 3274 qnod

58 3285 185 3377 reliqna
201 3285 334 3352 nomina
354 3285 391 3352 in
414 3294 507 3363 atram
527 3286 681 3354 exeuntia
701 3283 883 3352 recentiore
906 3283 1156 3352 demum‘aetate

58 3388 278 3478 reperiuntur.
341 3388 456 3480 ltaque
483 3413 525 3456 ne
545 3391 692 3457 ¹sormam
721 3409 782 3478 pro
804 3385 919 3452 aetatis
939 3385 1065 3453 rationo
1089 3386 1155 3454 ain·
1287 3457 1295 3476 .

58 3490 206 3578 galeram
226 3500 348 3556 temere
370 3491 567 3581 probemus,
596 3489 774 3558 videndum
796 3500 868 3572 est,
897 3511 963 3578 qna
983 3489 1155 3556 auctorita·

58 3602 93 3657 te
113 3591 244 3658 nitatur.
288 3591 386 3660 Libri
406 3591 515 3683 priore
535 3592 692 3660 carminis
713 3589 883 3658 Pindarici
904 3589 979 3656 loco
998 3613 1031 3657 v.
1048 3591 1078 3656 5.
1101 3590 1155 3657 da·

58 3694 164 3760 tivum
183 3696 351 3778 Ἱπποκλέᾳ
380 3693 539 3788 praebent
560 3707 593 3762 et
614 3693 754 3761 eundem
774 3715 875 3760 sensu
899 3691 1089 3758 destitutum
1109 3691 1156 3760 al·

58 3805 129 3862 tero
149 3795 241 3880 loco,
269 3797 329 3864 nbi
349 3821 367 3864 c
388 3797 576 3884 conjectura
595 3797 780 3863 Ἱπποκλέαν
800 3792 960 3885 scriptum
981 3806 1042 3862 est.
1087 3793 1155 3861 De·

60 3895 139 3965 inde
168 3897 293 3966 scholia
327 3900 369 3966 ad
396 3899 551 3967 carminis
586 3897 836 3989 inscriptionem
864 3899 944 3964 mec
975 3895 1154 3962 adnotantc

60 3999 147 4064 duaci
172 4003 206 4066 di
227 4001 247 4080 ἦ
268 3999 332 4084 ᾠδὴ
354 3999 396 4085 μή
417 4003 512 4085 ὖγκκῖς
533 3999 761 4087 ἐπιγεγράφθαι
779 3999 957 4066 ‘lurcatur
997 3997 1067 4064 δέον
1093 3994 1154 4081 ydp

57 4101 237 4186 Ἱπποκλέᾳ.
266 4101 302 4169 nd
330 4102 390 4191 γὰρ
418 4103 516 4188 ὅκομο
543 4099 584 4183 ἦν
610 4102 815 4182 ‘leucatium
860 4102 903 4178 cic
931 4103 986 4165 aci
1014 4095 1109 4172 οῠκός
1136 4099 1154 4164 d

61 4205 221 4294 Πλκδορος
242 4207 341 4286 δηλοῖ.
375 4205 506 4290 Qnilrna
528 4206 761 4275 convenienter
782 4203 906 4273 scholia
927 4200 1053 4296 ubique
1071 4223 1153 4291 pne·

891 4329 953 4398 36·
