2784 4768
117 478 119 486 y
195 371 269 451 168
518 323 753 454 Βοιᾰὶνὶοωο
779 369 959 448 Boeotioa.

281 576 473 664 Quanquam
501 574 601 664 igitur
632 598 698 641 uon
728 572 882 640 audemus
903 572 1119 640 certissimum
1142 593 1286 662 pronun·
1370 569 1373 578 ’

196 675 298 760 tiare,
330 675 458 759 tumen',
488 676 522 741 iu
543 688 629 743 tauta
650 674 840 765 praesertim
861 675 1038 740 Lesbiaeae
1060 687 1092 740 et
1113 673 1287 742 Boeotieae

197 777 327 842 dialecti
348 776 552 863 diversitate,
575 777 743 870 probabile
764 776 910 859 videtur,
933 777 1075 844 Boeotos
1096 798 1162 840 non
1184 777 1286 846 inisse

197 875 413 964 βαρυντικούς.
466 878 601 944 Cautius
623 889 708 943 certe
731 875 905 963 duximus,
937 878 972 944 in
994 878 1159 945 Boeotieis
1181 877 1288 944 omni·

196 980 258 1045 bus
278 975 443 1068 vulgarem
463 994 629 1046 aeeeutum
651 1003 789 1050 servare.

682 1227 716 1310 §-
747 1225 800 1291 aa.

635 1365 696 1416 ne
718 1367 861 1430 spartea.

243 1558 249 1578 .
282 1505 358 1572 Non
395 1502 502 1568 minus
538 1523 634 1592 quam
674 1499 883 1590 barytonesiu
918 1500 1114 1566 recentiores
1155 1479 1288 1564 Boeotis

199 1607 337 1698 psilosin
367 1603 509 1669 tribuero
531 1603 637 1668 soient
648 1652 659 1682 ‚
692 1604 767 1692 quia
788 1603 924 1668 Aeolica
951 1614 1093 1668 vocetur.
1157 1602 1289 1691 Aspero

199 1721 305 1776 tamen
326 1706 466 1772 Boeotos
486 1729 563 1771 usos
584 1729 655 1771 esse
677 1705 892 1774 certissimum
912 1715 973 1768 est.
1017 1703 1163 1770 Primum
1183 1703 1289 1792 Apol&

199 1810 308 1879 lunius
330 1808 369 1872 de
390 1829 483 1896 pron.
507 1829 541 1897 p.
564 1806 607 1872 64
628 1809 661 1886 (e
682 1805 893 1897 Tryphonis,
906 1884 912 1894 Ι
926 1820 963 1872 ut
982 1805 1128 1888 videtur,
1160 1817 1288 1872 senten·

199 1911 257 1995 tia,
280 1910 323 1974 ei.
341 1903 371 1996 §.
387 1909 442 1992 45,
458 1910 491 1988 1)
512 1908 701 1975 Boeotieum
723 1907 778 1974 iaia
799 1931 858 2000 pro
881 1905 938 1992 ἐγώ
960 1931 1075 1997 aspero
1097 1907 1288 1998 instructum

201 2035 273 2078 esse
294 2009 404 2094 tradit,
427 2011 492 2074 tant
513 2009 676 2076 δασύνεται
695 2009 734 2076 τὰ
756 2009 914 2092 φωνήεντα
935 2011 967 2074 ἕν
986 2011 1053 2084 ταῖς
1076 2005 1287 2094 ἆντωνυμίαις,

202 2113 251 2179 ὅτε
271 2110 333 2198 πρὸ
357 2112 539 2194 φωνηέντων
559 2117 690 2197 γίνεται,
724 2113 832 2199 uude,
864 2111 990 2178 etiamsi
1011 2110 1085 2200 quis
1107 2111 1290 2198 grammati·

201 2239 275 2287 eum
296 2215 380 2280 male
407 2213 552 2300 reguiam
575 2237 664 2278 suam
685 2213 872 2280 adhibuisse
895 2217 1067 2305 opinetur,
1099 2215 1161 2278 boe
1182 2225 1289 2279 manen

201 2329 322 2386 eertum
344 2327 411 2396 est,
435 2338 508 2382 eum
529 2315 715 2382 Boeotieam
737 2317 876 2406 psilosin
896 2316 1076 2404 ignorasse.
1120 2315 1289 2382 Praeterea

201 2433 233 2489 et
253 2417 452 2511 Apollonius
474 2429 507 2483 et
527 2417 644 2506 reliqui
666 2419 876 2505 grammatici,
899 2417 964 2484 ubi'
978 2419 1147 2484 Boeotieas
1168 2419 1289 2486 formas

201 2526 359 2607 afferunt,
382 2545 545 2610 nunquam
568 2521 607 2586 de
631 2520 746 2610 spiritu
767 2531 924 2602 monent,
946 2530 982 2584 ut
1004 2521 1101 2601 ἁμίων
1120 2543 1180 2610 pro
1200 2521 1289 2601 ἡμῶν

125 2703 129 2716 x
200 2627 298 2693 Aeol.
324 2624 444 2706 ἀμμέων
467 2619 522 2710 (de
544 2645 638 2711 prou.
661 2644 695 2709 p.
713 2617 815 2708 121).Ι
845 2621 974 2688 Deinde
995 2621 1030 2686 iu
1051 2621 1290 2712 antiquioribus
1372 2625 1375 2636 '

201 2727 327 2806 titulis,
364 2725 426 2828 qui
445 2723 578 2812 spiritus
600 2723 707 2814 asperi
730 2723 860 2812 signum
885 2723 1040 2813 seriptum
1062 2721 1203 2804 habeut,
1240 2725 1291 2791 ie-

202 2839 321 2916 qrurtur
348 2851 399 2890 nr.
426 2823 507 2892 1637
533 2830 889 2908 ΗΑΓΕΣΛΝΔΡΟΣ
912 2836 944 2889 et
973 2826 1059 2892 1642
1083 2833 1292 2894 ΙΙΙΠΠΑΡ-

203 2934 290 2996 ΧΙΑ
300 2955 311 3008 ;
335 2950 440 3016 neque
462 2924 569 2990 minus
592 2926 627 2992 io
643 2910 805 3001 ure-‘1569
825 2923 887 2990 boe
909 2925 1038 3020 signum
1059 2937 1218 2994 retentum
1240 2943 1292 2998 est

142 3095 147 3104 ,
202 3031 237 3096 iu
261 3027 354 3115 siglis
375 3033 427 3090 PE
454 3049 514 3116 pro
547 3031 655 3094 ἕκατον
675 3037 708 3092 et
725 3034 767 3092 II
782 3051 842 3116 pro
874 3028 1066 3112 ἡμιοβόλιον.
1120 3029 1229 3098 Tenui
1255 3031 1291 3098 iu

203 3131 375 3222 aspiratam
401 3138 521 3194 mutata
549 3128 682 3218 spiritus
713 3153 808 3218 asper
836 3129 985 3220 proditur
1011 3131 1046 3198 iu
1068 3132 1213 3220 καθάπερ
1236 3159 1287 3200 ur.

204 3233 312 3313 1563,
344 3255 386 3314 a,
418 3226 500 3294 aaa·
536 3233 666 3296 ἕκαστον
697 3231 797 3310 1569,
825 3257 858 3296 u.
881 3231 966 3312 lll.,
1009 3231 1292 3322 ‹iquipaatevirraw

204 3335 305 3418 1593,
330 3331 497 3414 Ἔφιππος
519 3329 620 3415 1649,
649 3331 725 3398 item
747 3331 832 3425 aprral
854 3333 1030 3400 Corinnam
1050 3337 1091 3403 fr.
1118 3338 1134 3403 l
1157 3335 1291 3424 xriouri-

205 3439 266 3501 δων
288 3459 347 3526 pro
369 3437 423 3498 καὶ
442 3431 614 3520 ἦρωάὸων,
637 3432 659 3500 7
679 3433 872 3500 πεντήκονθ’
895 3437 1044 3521 οὖψιβνάς
1063 3461 1124 3528 pro
1146 3441 1288 3524 ὑψιβιάς,

203 3543 225 3608 8
247 3537 301 3623 ἐφ’
330 3545 425 3602 ἵππω.
475 3536 568 3602 Adeo
590 3535 694 3602 media
715 3547 854 3603 mutatur
873 3536 907 3602 iu
929 3537 1147 3627 06661569,
1170 3567 1200 3608 a.
1225 3541 1289 3608 lll.

290 3639 405 3706 Boeoti
437 3637 536 3726 igitur
557 3663 622 3703 nou
645 3641 749 3704 solum
771 3663 836 3703 nou
859 3637 1008 3726 ignorant
1029 3667 1198 3732 asperum,
1232 3643 1292 3708 sed

205 3742 299 3810 etiam
329 3741 389 3824 iis,
422 3739 540 3830 quibus
561 3765 602 3805 ne
623 3739 728 3806 Dones
751 3739 899 3836 quidem,
933 3753 1075 3814 ceterum
1095 3745 1203 3842 asperi
1223 3769 1292 3812 uon

205 3993 242 4068 uqi
261 3993 327 4066 τόνῳ
348 4023 378 4038 ··
397 3995 431 4050 rai
449 3993 499 4067 quin
520 3993 630 4050 Attum·
650 3990 731 4066 δῆλον
748 3993 790 4052 ὅτι
806 3997 978 4068 βαρῦνονται.
1018 4005 1116 4073 Neque
1134 4007 1162 4060 in
1181 4017 1292 4062 conara.

207 4086 274 4138 riam
304 4095 407 4152 purtem
434 4083 539 4150 aliquid
568 4083 680 4136 et'tieere
703 4085 786 4142 veiim
811 4103 848 4142 ex
872 4087 920 4154 iis,
949 4107 1019 4156 quae
1040 4094 1177 4147 Cboerob.
1196 4095 1291 4148 Bekk.

209 4173 275 4224 1221
293 4171 328 4222 de
346 4169 539 4222 Bucolicorum
555 4171 739 4238 genitivorum
756 4171 784 4226 iu
809 4177 847 4227 56
870 4188 982 4232 accentu
999 4177 1135 4250 disputat,
1160 4177 1292 4252 doyaarti'o

207 4255 383 4313 scribendum
400 4271 460 4308 esse
477 4256 588 4310 docens.
