2844 4770
181 327 230 408 14
516 327 549 422 §.
575 333 611 422 2.
664 333 722 408 Dc
746 311 918 408 fontihus.

304 535 449 608 Tabulae
466 535 504 604 '11
512 527 799 624 craclccriscs‚
830 561 913 628 quac
934 548 1006 606 erat
1021 534 1157 605 Tarenti
1178 535 1266 606 colo-

180 641 254 726 nia,
276 637 295 709 s
314 639 504 708 Mazocchio
521 639 665 736 'Neapoli
685 664 716 708 a.
739 642 823 709 1754
842 639 964 726 editae,
986 650 1158 731 postquam
1179 643 1265 729 l'rag·

177 755 320 809 mennun
349 743 385 808 in
418 741 619 810 Britanniam
639 735 791 812 delatum
814 742 884 828 jam
917 755 1010 809 antea
1041 767 1060 808 a
1089 741 1265 809 Maittairio

176 845 301 936 puhlici
322 845 408 932 juris
438 846 559 912 iactum
587 857 666 912 crat.
731 845 823 912 Inter
849 869 961 944 omuga
987 845 1099 910 titulos
1129 843 1265 911 Graccis

177 947 322 1013 dialectis
350 946 551 1014 illustrandis
578 947 715 1013 idoneos
743 947 815 1012 sinc
844 945 911 1013 nlla
931 958 1137 1014 controversa
1159 946 1266 1036 palma

177 1047 293 1137 dignae
323 1059 409 1114 sunt.
464 1048 549 1114 Nam
577 1059 610 1114 et
639 1048 739 1148 ampli
766 1058 844 1114 sunt
871 1048 1009 1114 ambitus
1038 1059 1071 1114 et
1092 1047 1197 1113 facilis
1218 1047 1264 1113 le-

176 1149 315 1237 ctionis,
337 1161 374 1216 ut
393 1147 557 1216 rarissime
577 1151 798 1240 conjecturam
819 1141 1020 1237 desiderent,
1042 1160 1075 1216 et
1087 1150 1191 1216 house
1212 1172 1264 1215 ae-

174 1251 268 1335 tatis,
291 1251 413 1343 quippe
435 1275 518 1343 quae
540 1253 719 1326 secuudum
732 1251 957 1319 Mazocchium
974 1263 1112 1318 excunte
1133 1251 1263 1318 saeculo

175 1377 206 1418 a.
231 1353 308 1420 Chr.
335 1365 449 1444 quarto
470 1353 609 1444 scriptae
630 1353 716 1438 sint,
750 1353 891 1444 denique
919 1355 960 1420 ad
980 1354 1175 1423 severiorem
1195 1353 1263 1420 Bo·

175 1455 278 1522 ridcm
299 1455 521 1528 illustrandam
542 1454 744 1524 utilissimae.
790 1455 943 1522 Ceterum
958 1455 1057 1524 altera
1070 1455 1178 1521 tahnla
1193 1454 1264 1521 Ma·

175 1558 308 1624 aoechio
326 1581 360 1648 p.
385 1558 446 1624 135
467 1557 577 1649 paullo
597 1559 762 1624 recentior
780 1557 927 1643 ridetur,
959 1581 1140 1648 quanquam
1161 1555 1265 1622 iidem

173 1657 210 1724 in
231 1670 366 1749 utroque
389 1662 513 1747 ὁρισταὶ
533 1659 752 1727 nominantur.
796 1659 881 1727 Nam
904 1660 1034 1726 inhauc
1055 1669 1088 1726 et
1101 1657 1263 1724 recentior

174 1762 403 1852 orthographia
438 1773 472 1829 ct
500 1762 612 1828 Attica
649 1761 807 1830 dialectns
845 1761 1016 1854 aliquoties
1047 1761 1259 1850 irrepserunt,

173 1885 257 1951 quac
278 1887 296 1928 a
319 1863 428 1953 priore
448 1863 572 1931 alienae
594 1873 689 1950 sunt,
712 1875 750 1931 ut
769 1867 895 1931 Ρείκατι
915 1865 969 1950 11,
991 1863 1047 1932 55.
1069 1863 1121 1930 57.
1137 1863 1192 1930 71.
1205 1861 1261 1948 75,

173 1965 257 2047 aprio
278 1964 331 2030 15.
356 1965 408 2032 53.
430 1967 492 2052 70,
520 1968 671 2050 τέσσαρες
690 1967 744 2051 11,
767 1967 831 2053 50,
852 1964 1085 2054 τεσσαράκοντα
1105 1965 1165 2048 49,
1197 1966 1263 2045 διᾳ-

174 2063 282 2130 stam
301 2066 362 2151 35,
384 2091 485 2157 quum
505 2068 540 2133 in
562 2068 670 2159 priore
690 2067 799 2134 tahula
819 2068 941 2159 ubique
963 2067 1052 2134 etin
1073 2065 1174 2132 altera
1194 2065 1262 2158 ple·
1356 2061 1358 2064 ’

174 2189 311 2256 rumque
332 2168 515 2234 scribantur
534 2173 664 2254 Ρίκατι,
692 2171 779 2258 τρῖς,
801 2171 940 2257 τέτορες,
961 2168 1169 2256 eupolemo,
1194 2172 1263 2234 δια-

171 2267 285 2336 cc'mos.
338 2269 387 2336 At
407 2270 442 2336 in
464 2271 592 2339 tahulac
612 2271 732 2364 prioris
753 2273 934 2362 fragmento
954 2271 1144 2350 Britannico
1173 2271 1196 2336 1.
1218 2271 1280 2338 11·

172 2369 370 2456 τετρακόσιαι
390 2371 511 2462 legitur
531 2398 592 2466 pro
612 2375 826 2460 τετρακάτιαι,
859 2373 947 2464 quod
967 2372 1004 2439 in
1023 2372 1161 2462 reliquis
1182 2371 1260 2438 s'cri·

172 2483 264 2563 ptum
291 2485 352 2542 est.
399 2475 508 2560 ‚Quod
535 2501 576 2542 au
598 2501 671 2544 cunr
692 2471 765 2544 aliis
786 2475 955 2542 lllaittairii
984 2474 1087 2540 errori
1108 2473 1260 2540 deheatur

171 2575 312 2644 dubitari
332 2587 458 2668 potest3
486 2603 561 2646 nam
582 2579 624 2645 de
643 2578 826 2645 Britannici
847 2576 1020 2669 fragmenti
1039 2576 1180 2643 lectione
1200 2575 1261 2642 mi·

171 2699 234 2744 nus
256 2690 343 2747 certo
364 2691 488 2747 constat
508 2679 605 2771 quam
626 2679 666 2745 de
678 2682 836 2773 reliquis.

297 2781 472 2870 Inscriptio
503 2782 539 2848 in
570 2781 757 2850 Bruttiis
789 2792 936 2873 reperta,
978 2803 1060 2872 quae
1094 2787 1145 2845 cst
1174 2777 1261 2844 inter

171 2879 265 2946 Bosii
287 2881 520 2970 inscriptiones
540 2883 789 2954 vetustissimas
809 2907 844 2973 p.
857 2881 953 2967 Vlss,
976 2881 1106 2971 quarti,
1127 2879 1260 2970 siquid

170 2981 283 3066 rideo,
305 3005 334 3048 a.
359 2983 439 3048 Chr.
463 2983 596 3050 saeculi.
640 2984 823 3051 Paucorum
843 2984 941 3052 lectio
962 2993 1050 3050 certa
1070 2993 1131 3049 est.

254 3083 290 3164 8)
317 3083 361 3150 ·-E
381 3084 513 3150 Doricis
542 3085 680 3152 coloniis
712 3086 754 3151 ad
773 3085 1005 3178 Bosporum
1026 3098 1059 3152 et
1079 3085 1258 3152 Pontum

170 3183 376 3252 Euxinum
399 3187 471 3252 sitis
492 3187 588 3277 pauci
610 3187 698 3254 tituli
720 3188 837 3254 adsunt
844 3207 855 3275 3
878 3187 963 3256 unde
976 3211 1086 3254 earum
1100 3186 1258 3252 disiectus

169 3288 323 3377 cognosci
344 3290 464 3379 possit:

293 3389 598 3480 Byzantiorum
634 3393 800 3461 decretum
829 3393 945 3461 Olbiae
975 3388 1117 3482 positum
1153 3387 1193 3454 G.
1224 3387 1255 3454 1.

168 3513 219 3558 nr.
242 3491 327 3560 2⁰60
347 3493 509 3560 e'l'ihcrii
529 3495 583 3562 rel
606 3495 775 3585 Caligulae
795 3507 960 3588 tempore,
982 3491 1077 3579 cujus
1098 3489 1258 3557 dialectos

166 3591 229 3682 pro
248 3593 371 3661 recenti
392 3607 493 3663 aetate
515 3609 548 3664 ct
567 3621 628 3688 pro
648 3623 688 3668 eo
710 3599 798 3694 quod
819 3598 854 3663 iu
875 3595 956 3662 urhe
978 3617 1045 3660 non
1058 3593 1179 3659 Dorica
1201 3615 1256 3656 cx·

167 3705 290 3762 aratam
312 3703 380 3776 cst,
403 3699 481 3764 satis
503 3725 583 3791 pura
604 3712 665 3767 est.

292 3797 610 3868 Chalcedonius
631 3802 746 3868 titulus
768 3799 855 3893 apud
870 3798 993 3888 (laglus
1014 3799 1144 3865 Recudl
1166 3797 1256 3864 d'ma-

166 3901 297 3984 tiquites
317 3899 395 3966 Vol.
411 3902 444 3968 11
464 3903 517 3970 Pl.
535 3904 595 3989 55,
624 3905 771 3989 dialecti,
802 3913 838 3969 ut
856 3927 944 3968 nunc
966 3900 1098 3991 quidem
1120 3899 1254 3988 legitur,
1277 3963 1281 3974 ,

165 4023 279 4090 parum
299 4025 410 4090 purae.

290 4101 713 4173 Messemhrianornm
742 4106 870 4173 decreta
897 4105 938 4171 de
968 4091 1126 4196 proxenia
1153 4101 1192 4168 C.
1223 4099 1253 4165 1.

90 4147 93 4154 ’
163 4225 214 4269 nr.
237 4203 403 4291 21155,1».
426 4225 456 4274 c.
