2834 4762
346 333 379 428 i.
405 338 468 416 5³.
518 343 574 414 De
600 341 753 421 dialecto
779 347 972 428 Arcadica.
1114 353 1198 432 'tol

114 538 644 630 ιοιιὶ1ιιιι,ιιῑσ1ιι“ριιιιιῐιῑιιιιι
666 563 698 616 et
720 552 856 619 sortasse
879 553 1030 643 spiritum
1049 581 1197 676 asperum

110 665 164 731 pro
185 641 317 732 sigma·
331 639 424 709 elie
451 645 591 735 denique
619 652 748 740 proprio
777 654 840 720 sihi
867 657 984 741 lubet,
1021 659 1157 726 maxime
1179 665 1200 728 ἆ

111 767 166 832 pro
191 745 209 808 ἲ
230 752 313 810 et
293 775 313 824 η
342 747 377 810 in
407 747 531 814 multis.
576 749 680 840 Igitur
709 779 750 819 ne
780 755 851 845 ipse
882 757 1013 846 quidem
1043 759 1198 827 disiectus

112 845 281 912 Strabonis
301 849 472 914 Aeolicum
497 835 567 915 edm
593 853 738 919 vocantis
767 859 985 926 anctoritatem
1018 863 1192 930 confirmat.

112 947 253 1038 Propius
276 949 364 1015 enim
392 952 516 1018 aceedit
545 952 584 1018 nd
606 953 757 1032 Doricam
787 971 819 1022 ct
839 959 1033 1028 Laconicam
1061 965 1197 1030 maxime

114 1049 305 1134 dialectum,
349 1053 392 1116 ite
414 1029 520 1118 tuincn
543 1065 578 1118 nt
599 1056 753 1145 optimo
737 1083 813 1144 Jurc
834 1061 1007 1148 pecoliaris
1029 1063 1196 1152 dulcetus,

114 1175 172 1216 non
194 1151 341 1220 Doricae
363 1155 497 1222 varietas
518 1157 674 1248 quaedem
697 1159 864 1226 iubentur.

599 1401 632 1488 §-
664 1401 718 1470 53.

428 1541 489 1592 lte
513 1538 675 1594 dttlecto
698 1541 906 1620 Arcedteu
1023 1581 1027 1592 .

195 1679 249 1744 De
270 1675 435 1743 Arcadum
458 1677 594 1745 dialecto
621 1679 820 1771 grammatici
841 1679 1037 1770 paucissima
1060 1682 1200 1772 tradunt,
1268 1763 1272 1776 1

113 1805 215 1870 peuce
235 1791 476 1871 cognoscuntur
496 1805 514 1846 c
536 1781 642 1848 titniis
656 1781 862 1870 Tegeatieis,
884 1785 1095 1880 quncnuliqnn
1116 1799 1201 1852 certe

115 1908 157 1950 ex
178 1882 312 1972 entique
331 1883 525 1971 proprietate
547 1895 724 1948 servarunt.
770 1883 854 1950 Sunt
874 1911 951 1952 vero
972 1888 1083 1952 lrir'in
1101 1887 1199 1979 Corp.
1321 1889 1323 1900 '

117 1985 222 2050 inser.
243 2008 293 2048 nr.
320 1983 423 2068 1513,
450 1984 697 2073 ‘qucmtitulnm
719 1987 999 2074 eormrptissimum
1020 1989 1203 2056 Bocekhins

115 2113 134 2152 e
154 2085 256 2152 veriis
276 2085 426 2152 frustulis
457 2089 604 2172 conenit3
642 2087 770 2154 initium
791 2101 898 2155 tamen
921 2116 952 2158 v.
977 2091 1072 2158 1-4
1094 2117 1112 2158 ι
1133 2093 1203 2158 solo

117 2187 273 2255 Corsinio
292 2187 445 2261 nuditum
467 2211 532 2252 non
555 2188 681 2254 videtur
706 2190 772 2256 nisi
794 2213 870 2256 cnsu
893 2215 965 2256 cnm
993 2193 1203 2282 sequentibus

113 2293 264 2380 junctum
296 2311 388 2374 esse,
419 2303 559 2356 extremo
590 2315 665 2380 pars
693 2305 806 2382 posteo
835 2293 1034 2359 emendatius
1062 2294 1203 2361 exhibitu

116 2405 165 2460 eet
185 2418 205 2458 ι
228 2392 351 2458 Leukio
372 2384 486 2459 Morea
508 2417 558 2457 nr.
583 2394 622 2477 13
652 2391 767 2459 deinde
790 2393 829 2459 C.
854 2395 880 2459 1.
908 2419 959 2458 nr.
983 2389 1081 2472 1514,
1105 2419 1204 2482 pauen

116 2495 215 2562 rerba
236 2493 457 2578 continentes,
487 2504 520 2558 et
538 2496 687 2582 pauciora
708 2495 803 2560 etium
824 2496 1023 2586 antiquiores
1044 2495 1130 2560 titnii
1153 2521 1202 2563 nr.
1318 2524 1322 2536 ·

118 2600 202 2665 1512
229 2607 262 2662 et
282 2595 387 2680 1520,
421 2595 508 2686 apud
535 2594 692 2660 Leukinm
714 2601 798 2662 Mor.
827 2617 877 2662 nr.
901 2597 943 2662 52
964 2607 995 2662 et
1016 2595 1101 2684 opud
1122 2596 1204 2662 Ror-

118 2701 202 2766 sinm
232 2697 267 2763 in
288 2695 538 2786 inscriptionum
560 2695 754 2762 Graecarum
783 2697 878 2768 Fase.
903 2697 930 2762 1.
955 2723 1004 2762 nr.
1027 2699 1058 2763 7.
1104 2699 1131 2764 E
1156 2723 1204 2763 re-

118 2900 309 2994 ponnesieei
328 2899 515 2966 anctoritate
535 2913 660 2966 exarata
680 2927 796 2992 purum
805 2899 991 2967 Dorismnm
1011 2901 1121 2980 refert,
1145 2927 1204 2968 nee

118 3003 333 3072 minuendae
354 3002 563 3087 recentiores,
585 3001 827 3070 meximeRoes.
852 3003 934 3068 nr.1
957 3013 988 3067 et
1007 3027 1102 3092 quam
1119 3003 1204 3069 idem

120 3107 224 3174 edidit
252 3105 288 3169 in
304 3103 577 3193 Ephemeridibns
597 3103 795 3171 Holensihns
823 3105 1105 3190 (Intellipeuzblott
1123 3107 1205 3174 1838

120 3235 172 3276 nr.
190 3204 269 3295 ⁴⁰)3
290 3205 580 3298 Megdopolitnuue
601 3230 667 3271 non
688 3205 841 3271 differunt
861 3209 928 3272 scre
949 3232 968 3272 u
989 3207 1116 3298 vulgari
1137 3207 1204 3274 Do·

121 3311 242 3394 riemo3
265 3331 338 3373 uem
359 3305 446 3397 quod
466 3307 502 3372 iu
523 3331 574 3371 nr.
598 3307 680 3374 1539
700 3317 828 3373 tenuem
851 3333 909 3398 pro
930 3309 1066 3400 aspirata
1086 3309 1205 3374 habent

16 3429 17 3444 ¹
121 3413 293 3498 προκάτισε
314 3419 345 3474 et
368 3407 499 3492 Πύτιον,
521 3433 615 3499 quem
628 3409 806 3474 Arcadicne
828 3409 957 3474 dialecti
978 3409 1204 3498 proprietatem
1276 3438 1284 3450 ¹

16 3513 18 3592 ζ
118 3512 279 3602 judicavit
299 3511 502 3595 Boccirhius,
532 3509 761 3587 Fourmontio‚
792 3511 887 3596 enjus
909 3535 927 3576 e
949 3511 1078 3576 schedis
1100 3513 1205 3576 omnis

16 3605 18 3666 3
122 3616 195 3706 ejus
223 3613 313 3680 tituli
343 3612 486 3702 cognitio
517 3611 674 3696 manavit,
711 3637 777 3678 nou
804 3635 953 3700 magnam
973 3613 1067 3676 tidem
1088 3613 1203 3698 haheo,

16 3739 18 3766 ι
123 3715 313 3840 praesertim
341 3739 441 3806 quum
472 3715 611 3804 aspirato
638 3713 759 3781 ibidem
782 3711 998 3803 conspicietur
1025 3711 1059 3778 in
1080 3719 1203 3802 μηθεὶς,

125 3819 184 3904 ἀφ’
208 3818 342 3902 ἑσπέρας
362 3826 394 3882 et
424 3815 623 3904 ν(ιμό)μεθα,
660 3839 843 3907 quenquam
873 3815 926 3882 iric
947 3813 1099 3882 Muelleri
1129 3841 1204 3908 epo·

125 3921 285 4012 grephnm
305 3942 407 4009 neque
428 3943 495 4002 -rpe
482 3945 517 3982 ια
538 3917 680 4006 praehet.

208 4022 236 4090 E
257 4020 447 4086 certioribus
467 4019 612 4088 tontibus
632 4021 710 4089 hoec
733 4021 773 4089 de
788 4019 947 4088 Areudier
967 4018 1105 4086 dialecto
1121 4045 1205 4088 com·
1262 4075 1265 4081 .
1305 4047 1308 4054 ·

126 4137 214 4216 perta
235 4123 410 4189 hebemus.

209 4225 353 4317 Spiritus
374 4249 469 4318 esper
497 4226 635 4317 scriptus
656 4225 815 4315 reperitur
834 4226 869 4292 in
892 4223 1002 4292 Roesii
1024 4224 1205 4300 entiruriore
