2862 4770
305 333 419 458 §.uid
476 369 532 442 De
559 368 709 465 reliquis
736 369 1024 465 pronominibus.
1136 373 1213 449 275
1263 459 1264 463 Ἴ

117 575 213 653 crinio
233 573 467 644 indeclinabile
488 551 635 640 babitum
657 574 720 659 sit,
754 577 813 666 qui
838 601 922 649 usus
942 580 1072 648 medies
1093 597 1143 649 est
1163 583 1212 650 in.

117 691 168 748 tea·
188 678 256 763 μετ’
280 675 382 752 niuniu
404 675 548 762 (αὐτοὺς)
570 674 670 742 αὐταῖν
691 687 724 744 el
743 679 810 761 μετ’
834 679 1001 747 αὑῐαυτῶν.

204 779 279 848 lam
300 802 378 847 vero
401 780 599 869 geminatum
629 777 738 858 αὐτός,
774 781 844 850 eive
872 807 969 850 voces
998 795 1213 852 secernuntur
1354 801 1356 808 '

115 880 194 970 (uec
215 893 284 950 tum
305 881 534 950 collocationis
555 882 639 948 ratio
660 881 838 949 discrimen
860 884 973 971 efficit)
998 885 1067 954 sive
1089 887 1212 953 Dorice

114 989 152 1052 in
182 1009 281 1052 unam
308 986 514 1060 coalescunt,
550 983 703 1051 reflexim
730 997 887 1074 potestate
916 987 1018 1057 utitur
1045 1001 1210 1068 coaucta,

114 1089 207 1178 quod
228 1101 261 1156 et
283 1087 426 1174 subjecti
447 1098 481 1154 et
502 1085 623 1174 objecti
650 1087 741 1154 notio
766 1090 961 1178 pronomine
984 1089 1077 1167 αὐτὸς
1097 1091 1211 1158 dietin-

114 1191 243 1282 guitur.
308 1191 424 1282 ltaque
455 1191 524 1265 ταῖς
564 1186 716 1265 αὐταύτας
751 1193 859 1275 χερσίν
897 1203 948 1258 eet
980 1193 1072 1284 ipsa
1106 1193 1211 1264 meis

115 1293 258 1396 ipsius
279 1293 487 1377 manibus,
521 1293 720 1356 πεπαίδευται
742 1291 799 1356 ὑπ’
820 1292 973 1370 αὐταύτας
1001 1317 1019 1360 a
1049 1319 1094 1359 se
1116 1297 1211 1385 ipea

116 1397 208 1464 sola
239 1395 452 1461 instituta
484 1405 559 1460 est.
617 1393 813 1462 llecentiore
843 1407 950 1464 tamen
980 1409 1124 1486 tempore
1155 1397 1211 1462 αὐ-

113 1497 228 1565 uudeou
261 1497 407 1589 empbasi
437 1495 562 1584 abjecta
590 1495 635 1562 ita
663 1521 723 1587 pro
752 1497 895 1588 simplici
924 1498 1077 1566 rederico
1099 1499 1211 1565 baberi

113 1611 268 1691 coeptum
289 1612 361 1683 eet,
393 1609 431 1682 pt
461 1597 557 1665 etiam
585 1599 716 1665 tertium
741 1599 834 1676 odric
855 1600 930 1666 addi
952 1613 1082 1691 posset,
1115 1602 1211 1690 cujus

114 1726 197 1770 usus
219 1703 367 1791 exempla
389 1723 487 1790 supra
508 1701 723 1790 apposuimus
746 1699 838 1768 Stob.
862 1703 898 1787 l,
921 1703 964 1768 75
986 1700 1064 1767 αὐτὰ
1086 1702 1130 1766 δι’
1154 1703 1211 1768 αὕ-

112 1829 212 1871 ταυτα
233 1816 267 1870 cl
288 1801 383 1868 αὐτὰν
403 1801 448 1866 δι’
471 1801 642 1881 amedeus,
674 1803 783 1888 CXV,
804 1805 848 1872 '27
871 1802 964 1879 αὐτὸς
986 1805 1145 1870 αὔταυτον.
1169 1845 1210 1858 -

113 1907 156 1974 si
184 1930 262 1972 vero
292 1905 496 1996 pronominis
523 1917 668 1995 potestas
698 1905 851 1973 reflexivn
880 1917 948 1989 ost,
992 1931 1057 1972 nou
1087 1909 1210 1974 recline

113 2009 316 2099 Apollonius
339 2007 573 2076 nominativum
604 2007 753 2084 αι’τιαυτος
781 2007 899 2092 fiuxit,
948 2033 1045 2098 quam
1077 2010 1106 2074 ei
1136 2010 1211 2100 quis

113 2111 266 2196 ἐμαατός,
291 2110 415 2187 ἑαυτάς,
440 2111 566 2187 ἄλληλα
587 2111 710 2198 lingere
726 2109 817 2176 uelit.
862 2109 979 2200 Neque
1000 2109 1210 2199 intelligitur,

112 2238 181 2307 qno
197 2215 275 2304 jure
296 2223 450 2278 accentus
471 2213 663 2278 retrahatur.
717 2209 793 2279 Nou
821 2211 1025 2295 dubitamus,
1058 2213 1139 2303 quin
1170 2237 1211 2279 ex

113 2315 210 2393 αὐτὸς
232 2314 329 2381 αὐτοῦ
350 2315 470 2381 laetum
493 2313 536 2380 sit
559 2313 728 2392 αὐταυτοῢ,
758 2337 825 2379 uon
849 2313 1008 2380 αὐταύταυ.

202 2420 315 2510 ltaque
338 2417 406 2504 jam
435 2415 579 2506 praecipi
608 2425 756 2504 oportet,
799 2415 1024 2482 Dorieneibns
1046 2419 1211 2507 peculiare

115 2522 222 2590 luisse
250 2541 429 2611 pronomen
460 2515 670 2593 reteximus,
703 2517 792 2606 quod
815 2517 856 2582 ad
877 2541 990 2584 omues
1013 2531 1079 2583 tres
1100 2543 1210 2609 perso·

113 2647 176 2692 nne
197 2645 300 2713 aeque
321 2617 437 2687 relerri
459 2630 591 2709 posset,
614 2617 693 2684 olim
715 2619 952 2708 cmpbatioum‚
980 2631 1091 2708 postea
1115 2621 1169 2685 vix
1193 2645 1210 2686 a

112 2725 308 2816 vulgaribus
337 2721 502 2788 reflexivis
532 2730 690 2812 potestate
722 2720 907 2805 disemum,
941 2720 1042 2810 idque
1068 2723 1128 2787 bac
1155 2723 1210 2788 lle·

113 2851 215 2895 xaoue
235 2849 351 2894 neuma

115 2975 203 3043 ch.
227 2973 315 3064 sing.
342 2971 568 3051 circumcisi),
596 2967 789 3044 ‹nitnmoio,
835 2967 1043 3047 coronemini)

113 3077 199 3144 Aec-
244 3115 285 3126 —
341 3071 510 3150 αὑταυτόν,
617 3069 787 3155 adsuestis,
833 3067 964 3135 αὑταυιό
988 3069 1039 3136 vel
1063 3069 1211 3138 αὕταατὸν

115 3180 200 3247 Gen.
224 3177 311 3269 plur.
337 3174 511 3252 αὑῑαυτῶν,
616 3171 788 3250 adsumtis,
834 3169 1001 3236 αὕταυτῶν.

115 3331 333 3422 Reliquorum
364 3351 496 3396 caenum
526 3327 609 3394 ratio
645 3324 742 3392 facile
778 3336 921 3414 apparet.
980 3325 1210 3390 Accusativum

116 3434 267 3502 neutrius
301 3431 432 3520 generis
464 3429 596 3494 αὗταατό
623 3453 720 3518 supra
742 3427 909 3494 attulimus
930 3449 971 3490 ex
993 3425 1086 3491 Stob.
1112 3427 1211 3500 1,7⁵

115 3548 151 3605 et
171 3535 318 3602 indidem
343 3531 502 3598 αὐταυτόν.
557 3531 620 3598 llla
654 3533 758 3597 forma
780 3529 887 3594 verior
908 3539 959 3593 eet
980 3539 1014 3591 ot
1034 3527 1209 3618 antiquior.

202 3635 255 3724 b)=
285 3637 524 3702 Relativum
547 3635 687 3722 simplex
708 3630 795 3720 apud
811 3630 990 3695 Dorienses
1011 3629 1210 3718 toste·Apol·

116 3739 212 3808 lunio
233 3736 317 3826 (vid.
343 3749 411 3804 not.
435 3733 467 3823 l)
489 3735 523 3801 in
547 3734 745 3801 nominetivo
769 3731 886 3822 plurali
909 3729 1004 3796 modo
1025 3757 1041 3792 τ
1063 3731 1213 3818 praefigit

116 3841 216 3910 modo
238 3841 390 3931 spiritum
410 3861 560 3928 asperum
585 3847 710 3917 servat,
744 3859 841 3924 quam
871 3835 991 3898 lormae
1021 3832 1212 3920 ambiguita-

117 3956 184 4011 tem
215 3957 351 4032 excepto
380 3941 579 4007 nominativo
608 3938 769 4025 singulari
800 3933 973 4001 masculini
1001 3945 1033 3998 et
1061 3935 1211 3999 feminini

118 4045 261 4136 reliquis
282 4045 415 4110 casibus
437 4065 640 4108 eoauurunem
664 4040 788 4120 luisse,
821 4037 893 4114 vel,
929 4049 964 4103 ut
984 4035 1105 4102 rectius
1128 4037 1213 4100 alicu·

119 4169 214 4230 uana,
248 4147 412 4234 genuinae
433 4143 552 4210 Doridi
581 4142 717 4208 licuisse
747 4141 885 4207 articulo
913 4161 973 4230 pro
994 4138 1131 4204 relativo
1152 4135 1213 4214 uti,

120 4275 140 4319 c
168 4249 274 4315 titulis
302 4261 335 4314 et
362 4245 578 4337 scriptoribus
607 4243 686 4311 satis
716 4253 857 4333 apparet.
912 4240 994 4306 Nam
1029 4239 1063 4304 iu
1094 4237 1213 4303 tabulis

959 4367 1017 4434 18·
