2814 4760
336 359 371 452 §.
390 357 452 434 47.
505 357 563 429 De
590 351 764 428 universa
784 351 936 427 Doride.
1111 353 1187 434 399

91 573 184 632 ratus
212 572 283 645 est,
322 559 427 628 multo
457 558 556 626 etiam
586 559 718 650 saepius
748 556 836 649 apud
865 555 988 644 Eleos3
1027 558 1186 648 producto

1 702 3 716 ·
89 675 179 734 certe
200 689 222 728 a
244 661 362 729 Lesbii
383 685 525 752 aequum
547 663 583 728 in
604 661 737 728 modum
757 669 904 726 utuntur.

176 767 250 831 lloc
271 777 303 832 et
324 763 456 850 gravius
480 775 531 831 est
552 775 585 830 et
605 763 728 830 certius
749 773 902 853 apparet,
930 759 1089 830 Doridem
1110 789 1188 856 prae

86 867 230 957 reliquis
253 865 402 932 dialectis
422 866 553 957 priscae
574 865 698 932 indolis
715 875 862 930 tenacem
876 864 1002 950 fuisse,
1024 865 1189 956 antiquio·

87 993 160 1036 ram
183 968 274 1036 illam
288 967 450 1034 Doridem
472 968 614 1036 maxime
636 967 796 1050 dicimus,
818 966 927 1056 qualis
945 977 1019 1032 aute
1036 969 1188 1058 quintum

87 1073 159 1139 t'ere
181 1070 349 1138 saeculum
371 1071 523 1158 vigebat,
553 1071 746 1161 priusquam
773 1067 931 1158 digammi
958 1089 1042 1136 usus
1063 1083 1190 1160 pertur-

1 1229 2 1232 ,
88 1175 186 1241 batus
213 1184 302 1240 esset
330 1184 364 1238 et
391 1173 479 1263 apud
505 1185 631 1265 partem
651 1171 868 1238 Doriensium
889 1170 1095 1240 obsolescere
1117 1198 1190 1242 eoe-

88 1269 205 1368 pisict.
251 1275 335 1341 Nam
358 1273 444 1342 inter
466 1298 522 1361 ea,
553 1275 676 1368 quibus
698 1274 851 1340 universa
872 1274 973 1341 Doris
997 1275 1038 1340 ab
1059 1275 1137 1343 Iade
1158 1289 1191 1344 et

90 1379 227 1445 Atthide
259 1377 496 1466 distinguitur,
538 1379 608 1446 sive
639 1399 677 1444 ea
706 1376 870 1444 Aeolibus
898 1377 1085 1444 communia
1114 1391 1192 1448 sunt

1 1555 3 1584 ἱ
91 1481 163 1549 sive
184 1479 331 1546 Doribus
353 1479 506 1568 propria,
532 1480 690 1572 pleraque
711 1502 870 1546 summam
891 1478 1119 1569 antiquitatem
1141 1506 1192 1550 re·

90 1583 223 1666 dolent,
246 1581 446 1672 paucissima
466 1593 562 1668 arnt,
592 1606 676 1672 quae
698 1582 810 1671 paullo
832 1581 1028 1648 recentioris
1050 1584 1192 1674 originis

89 1686 187 1776 arqui
215 1683 368 1775 possint,
410 1696 447 1749 ut
476 1706 658 1773 pronomen
688 1682 841 1748 αὐταυιοῦ
867 1695 900 1748 et
921 1683 1059 1750 verbum
1089 1688 1189 1770 ἴσαμι.

90 1790 175 1857 Eam
209 1787 243 1852 in
277 1785 386 1876 prisca
414 1785 528 1852 indole
557 1785 716 1852 servanda
749 1785 964 1851 constantiam
995 1787 1192 1876 laudabunt,
1323 1817 1326 1822 ·

91 1891 153 1980 qni
173 1890 314 1978 probant
333 1887 611 1979 perseverantiam
633 1888 669 1954 in
690 1887 836 1977 antiquis
852 1887 1022 1969 moribus,
1044 1889 1190 1980 legibus,

1 2011 3 2046 l
91 1990 273 2074 institutis,
296 1990 421 2080 quique
436 1999 608 2080 reputant,
631 2015 760 2082 quaque
780 1989 915 2078 linguae
930 1993 1111 2061 mutatione
1132 1995 1192 2064 ali·

92 2094 176 2186 qnid
196 2093 319 2160 auferri
341 2093 448 2160 solere
469 2117 488 2159 e
511 2093 624 2160 divino
645 2093 705 2160 illo
726 2091 873 2158 omnium
901 2094 1064 2184 partium,
1094 2099 1191 2190 quasi

90 2196 240 2286 corporis
262 2195 501 2282 membrorum,
524 2219 709 2281 consensu,
732 2195 792 2288 qui
813 2217 852 2262 eo
873 2194 1040 2284 insignior
1060 2199 1192 2290 conspi-

92 2300 200 2382 citur,
234 2323 301 2390 quo
329 2296 547 2388 antiquiorem
570 2309 627 2364 ant
647 2298 801 2388 antiquae
823 2299 1025 2366 conditionis
1048 2303 1192 2370 tenacio-

91 2427 163 2469 rem
192 2401 342 2490 linquam
375 2401 646 2489 contemplamur.
697 2401 957 2490 Vituperabuut,
991 2401 1051 2491 qui
1083 2416 1192 2472 amant

92 2502 308 2571 mobilitatem
330 2500 492 2591 quandam
513 2500 658 2587 ingenii,
682 2513 719 2568 ut
739 2502 812 2592 ipse
832 2501 979 2569 Jacobns
996 2501 1191 2593 Grinimius,

92 2618 238 2676 ceterum
261 2601 466 2693 antiquitrtis
487 2601 622 2668 minime
644 2613 864 2695 contemptor,
888 2603 1085 2672 Germaniae
1106 2607 1191 2675 inse·

92 2707 191 2778 rioris
213 2707 350 2796 linguae
368 2703 404 2770 id
425 2703 507 2770 vitio
528 2704 644 2783 vertit,
667 2707 755 2796 quod
770 2707 990 2774 memorabilis
1005 2706 1099 2776 illins
1114 2731 1192 2777 eon·

94 2833 248 2880 sonarum
271 2817 434 2874 mnarum
454 2805 665 2893 mutationis,
698 2831 784 2898 quae
811 2831 830 2873 a
854 2808 1035 2899 superioris
1057 2811 1192 2880 Germa·

93 2914 170 2982 niae
193 2910 361 2990 diileetis,
391 2933 507 3001 parum
526 2919 635 2976 umen
658 2922 862 2996 constanter,
892 2911 1005 2978 effecto
1027 2926 1095 2997 est,
1122 2939 1190 2984 non

93 3016 258 3108 particeps
289 3013 365 3080 luit.
421 3010 495 3078 Nos
521 3011 663 3103 primum
690 3012 894 3104 antiquitatis
914 3016 1190 3104 praedicationem

92 3118 278 3211 paullulum
312 3113 574 3206 restringendam
611 3137 684 3182 esse
724 3117 927 3184 arbitramur.
992 3117 1192 3190 Necessario

93 3220 183 3290 euim
213 3221 273 3303 fit,
309 3230 346 3285 nt
374 3242 413 3285 ea
443 3241 528 3309 quae
556 3218 664 3286 nmaia
691 3219 828 3287 Doridis
857 3243 978 3310 genera
1005 3225 1191 3290 eommunia

1 3385 2 3392 ,
94 3323 237 3396 babent,
259 3319 445 3412 auu'quiore
465 3321 576 3410 specie
587 3333 739 3408 utantur,
763 3321 872 3390 solent
892 3322 980 3390 euim
1004 3335 1037 3389 et
1057 3323 1191 3415 liuguae

1 3487 2 3498 ,
96 3435 256 3514 coquataa
277 3433 310 3490 et
329 3423 438 3490 variae
460 3423 592 3492 dialecti
613 3437 646 3491 et
667 3424 817 3512 ejusdem
846 3421 979 3492 dinlecti
1005 3447 1127 3513 genera
1154 3427 1190 3494 iu

95 3528 143 3592 iis
172 3524 379 3613 conspirare,
413 3549 497 3615 quus
526 3526 660 3620 antiqua
692 3537 789 3610 aaut,
822 3551 896 3594 raro
924 3551 987 3594 nee
1017 3527 1084 3594 uisi
1111 3553 1190 3597 casn

1 3653 2 3674 ι
95 3627 240 3722 quodam
261 3626 297 3692 iu
318 3626 383 3711 iis,
417 3650 501 3716 qnae
527 3629 692 3697 recentius
712 3641 846 3697 mutata.
901 3631 948 3696 Aa
968 3629 1101 3720 singula
1121 3632 1191 3698 Do-

96 3730 181 3800 ridis
206 3751 329 3820 geum
348 3751 421 3810 raro
443 3730 627 3824 antiquiora
648 3732 828 3824 praebeat,
863 3734 964 3800 multo
985 3733 1117 3824 saepius
1138 3759 1190 3815 ea,

1 3825 2 3838 ¹
96 3856 182 3924 quae
203 3829 384 3898 recentiore
407 3843 510 3900 aetate
530 3834 730 3902 conformata
759 3859 833 3902 ease
860 3845 1024 3926 appareat.
1075 3835 1119 3902 Et
1148 3859 1191 3904 ue
1256 3847 1264 3872 ⁸

97 3935 231 4024 baguae
265 3955 459 4024 morumque
495 3937 708 4004 constantiam
747 3938 1047 4025 conjuretissimam
1078 3938 1204 4006 ¹foisse

99 4035 315 4120 arbitremur,
346 4035 520 4123 chones,
551 4041 610 4130 qni
635 4041 738 4132 prisci
765 4041 894 4132 ingenii
914 4041 1030 4109 Dorici
1050 4041 1191 4108 tenacis-

100 4137 175 4208 simi
196 4139 301 4206 lnisse
321 4149 496 4230 putantur,
529 4152 604 4210 ante
628 4153 778 4233 quartum
808 4145 991 4226 saeculum,
1023 4165 1092 4236 quo
1111 4153 1191 4209 tem·

99 4263 182 4336 pora
201 4252 234 4308 et
254 4243 389 4336 antiqua
409 4244 558 4336 instituta
587 4245 743 4338 vigebant
771 4259 804 4316 et
823 4247 971 4316 Atticum
1001 4242 1191 4334 metopium
