2778 4748
232 353 308 432 548
499 321 502 327 ἱ
533 347 705 424 Addenda
727 361 763 420 et
789 342 1024 445 Corrigenda.

234 559 414 628 Thessalos
435 556 558 626 Aculeo
579 578 597 621 a
618 553 809 620 nominihus
830 551 971 644 propriis
992 549 1118 642 primae
1136 549 1339 618 declinatis·

233 663 287 728 nis
313 660 475 748 adjectivo
506 659 542 722 in
564 683 634 732 αιος
656 655 845 734 derivasse,
880 655 1023 722 Boeotos
1044 651 1171 720 Aeolcs
1193 654 1338 720 cande·

233 762 490 832 terminationem
521 771 662 828 mutasse
692 761 727 824 in
755 785 814 836 ηος
842 755 946 848 (qnod
974 777 1042 820 nou
1070 763 1181 845 potest
1203 778 1251 821 ex
1273 780 1338 832 cmc

233 877 343 932 natum
364 863 512 959 putori),
555 885 656 953 quere
684 884 750 927 non
777 871 965 949 poteramus
986 857 1066 950 quin
1087 857 1124 924 in
1144 857 1337 925 Lesbium

234 967 365 1034 dialecti
386 965 529 1034 carmine
550 964 710 1032 librorum
730 961 908 1030 lectionem
923 961 1064 1036 Nescire
1084 959 1109 1024 i.
1125 983 1156 1026 c.
1174 962 1337 1036 Numine

232 1093 339 1136 veram
364 1067 602 1154 judicaremus.
655 1065 723 1130 Vix
751 1065 838 1132 enim
866 1064 1129 1155 necquicquam
1156 1061 1337 1128 arbitrnlsi·

231 1185 304 1256 tur,
332 1168 590 1260 patronymicum
614 1169 767 1242 Naaraioc
788 1167 905 1233 Boeot.
922 1170 1062 1244 Νικιῆος
1083 1187 1131 1230 sc.
1155 1163 1228 1240 υἱός
1250 1165 1336 1232 elin

232 1274 326 1364 leges
363 1272 460 1363 sequi
497 1283 593 1360 atquc
627 1271 764 1335 Νικιαῖα
805 1269 930 1356 ἄλοχοςζ.
1002 1269 1175 1336 Postremo
1215 1269 1336 1334 confer

232 1374 416 1450 Μελάνταος
437 1375 474 1440 in
498 1373 594 1442 titulo
614 1370 716 1439 Delio
739 1371 820 1469 (vid.
845 1394 943 1460 snpra
964 1369 1007 1437 ad
1025 1394 1062 1461 p.
1079 1371 1135 1454 7),
1160 1369 1257 1460 qood
1277 1393 1335 1462 pa·

231 1475 449 1568 tronymicum
470 1474 543 1542 e'sse
565 1473 692 1542 videtur
713 1499 732 1540 a
753 1471 930 1548 Μελάπας.

313 1579 376 1646 Vs.
400 1579 451 1645 16.
496 1577 614 1668 Neque
636 1571 750 1655 εὗσαν,
772 1575 862 1668 quod
882 1597 971 1642 nunc
991 1572 1181 1664 expulimus
1201 1573 1331 1666 Sappt

230 1681 293 1764 27,
323 1703 430 1772 neque
452 1679 571 1765 ἔσσαν,
598 1679 687 1770 quod
708 1691 758 1748 est
778 1679 813 1744 in
836 1679 909 1744 cod.
933 1679 976 1762 4,
1005 1677 1138 1768 probari
1160 1701 1262 1769 posse
1283 1679 1334 1744 vi·

148 1801 150 1808 '
231 1783 346 1868 detur,
379 1782 438 1848 sed
459 1808 478 1850 c
500 1781 625 1848 codicis
647 1781 674 1848 C
697 1782 840 1849 lectione
862 1783 976 1846 ἐοῦσαν
992 1780 1143 1868 genuina
1164 1781 1332 1850 Lesbiam

230 1883 334 1951 forma
355 1883 462 1950 ἔοισαν
483 1883 684 1950 restituenda
706 1907 779 1952 csse
800 1883 940 1950 videtur.

315 1986 373 2052 ld.
395 1985 528 2052 XXIX.
559 2011 608 2053 vs.
631 1989 664 2052 l.
689 1987 742 2053 16.
786 1983 938 2052 Poenitet
966 1980 1121 2061 s'dr'iqod'
1151 1994 1186 2048 et
1214 1983 1328 2067 μάιης,

230 2111 313 2179 quae
340 2085 466 2152 nullius
495 2087 627 2160 dialecti
646 2092 762 2173 sunt,
805 2111 873 2152 non
902 2087 937 2151 in
966 2087 1133 2154 e’ur'toouo
1161 2095 1197 2151 ct
1225 2088 1332 2169 μαιεῖς
1379 2135 1380 2158 ,

228 2190 281 2255 vel
301 2187 408 2269 μάτεις
429 2197 584 2254 mutasse.
645 2190 685 2255 ld
708 2203 815 2254 tamen
837 2187 989 2276 egimus,
1026 2199 1062 2253 ut
1080 2185 1164 2252 nitit
1188 2187 1272 2254 aine
1295 2189 1332 2256 li·

228 2289 297 2356 liris
326 2297 547 2372 mutuemus,
590 2289 679 2380 quod
708 2289 910 2359 Theocritus
942 2289 1015 2384 ipse
1046 2287 1176 2355 dialecti
1214 2313 1331 2359 errore

228 2392 312 2458 male
336 2389 479 2456 scribere
500 2389 649 2480 potuisse
670 2391 846 2462 videretur.
905 2391 1078 2460 Amcisins
1098 2394 1138 2458 Z.
1160 2393 1191 2476 s.
1214 2397 1257 2460 Δ.
1285 2397 1330 2460 w.

229 2493 311 2562 1841
341 2517 374 2586 p.
397 2491 462 2560 270
483 2515 604 2584 seqq„
640 2495 700 2584 qui
729 2506 777 2570 tot
806 2482 874 2561 non
895 2495 1034 2583 Aeolica
1054 2495 1092 2562 in
1113 2493 1330 2564 Theocritcia

228 2585 341 2662 relicta
378 2618 452 2662 esse
486 2596 621 2662 miratus
655 2608 728 2682 est,
769 2597 959 2690 neglexisse
981 2597 1131 2681 videtur,
1174 2619 1267 2688 qnae
1295 2599 1331 2664 in

227 2697 428 2788 praefatione
450 2697 491 2764 dc
512 2699 572 2765 lrac
593 2723 629 2766 re
651 2723 893 2771 monueramus.

658 2893 882 3011 concaui„

310 3103 374 3170 Fr.
400 3105 452 3171 ll.
493 3103 713 3202 ¹Corrigimns
741 3107 821 3173 aoid
850 3107 941 3192 yrpi'
964 3107 1113 3202 di'ccpr'uoe
1140 3109 1165 3178 i.
1190 3134 1221 3178 e.
1247 3111 1329 3178 anti

225 3204 335 3290 γεραιὰ
358 3205 542 3292 ἀεισσμένα,
576 3213 713 3294 uotique
735 3211 854 3278 decora
876 3218 1025 3280 coctura.

548 3451 731 3520 FOEDUS
756 3453 999 3522 ELEORUM.

308 3615 404 3684 Nilril
425 3638 560 3694 eorum,
595 3615 717 3706 quibus
738 3643 756 3685 a
778 3619 946 3687 Boeclrlaio
967 3617 1206 3702 discessimus,
1248 3645 1324 3712 pre·

224 3715 314 3782 bavit
335 3717 496 3783 Francius
515 3717 623 3784 Elem.
648 3717 766 3810 Epigr.
790 3721 849 3788 Gr.
873 3747 906 3812 p.
923 3721 998 3790 380.
1051 3721 1098 3789 llt
1117 3722 1322 3808 omittamus,

224 3842 308 3910 quae
329 3818 401 3910 ipsc
423 3819 544 3886 leviora
560 3818 746 3910 judicavit,
777 3825 919 3914 primum
940 3847 1014 3890 cnm
1034 3821 1203 3890 Boeclrldo
1224 3823 1324 3916 spiri·

222 3931 292 3986 tum
321 3944 473 4012 asperum
508 3921 669 4014 supprimi
700 3925 824 4012 jubet,
869 3950 944 3992 nrm
974 3951 992 3992 e
1025 3926 1120 4015 galea
1146 3925 1324 4008 Hieronis,

223 4022 281 4088 ulrl
301 4023 460 4090 articulus
483 4023 600 4114 spiritu
621 4039 730 4112 curet,
769 4027 855 4095 nilril
876 4028 1030 4096 concludi
1050 4051 1150 4119 posse
1169 4041 1325 4120 propter·

222 4147 282 4206 er,
314 4125 403 4214 qnod
430 4123 531 4215 longe
560 4127 623 4194 alia
650 4153 705 4195 res
729 4129 772 4196 sit
799 4131 836 4196 in
857 4131 999 4198 voculis.
1065 4131 1204 4198 Placent
1223 4155 1323 4218 sane,

223 4247 305 4314 quac
326 4227 370 4291 V.
393 4225 438 4291 l).
468 4250 501 4316 p.
524 4224 568 4294 98
596 4229 775 4320 disputarit
802 4233 843 4299 de
863 4233 974 4326 asperi
1002 4232 1100 4324 signo
1127 4233 1163 4300 in
1186 4236 1322 4304 voculis
