2866 4766
220 347 297 426 384
479 344 514 438 6.
535 343 597 420 45.
644 345 701 418 De
720 342 836 418 variis
858 343 1064 441 particulis.

221 556 391 628 Herodoto
411 551 620 644 potissimum
642 549 815 618 familiaria
836 562 907 634 ert,
929 551 1026 620 etiam
1049 553 1138 644 apud
1160 553 1328 646 Epichar-

221 685 312 729 mum
343 655 481 748 reperiri
508 655 555 720 ir.
582 651 624 720 19
653 651 712 717 ἀπ’
741 647 784 718 oio·
815 651 960 740 ἠχθόμαν
994 667 1027 722 et
1055 657 1099 722 dr.
1122 658 1166 726 82
1195 655 1248 724 ἐπ’
1282 653 1329 724 oio

221 766 357 844 ἐπίομες.
419 755 572 824 Similem
601 755 855 823 collocationem
884 780 982 847 supra
1010 756 1043 840 ξ.
1066 757 1111 826 40
1142 760 1258 828 noti}
1289 759 1325 826 ia

222 866 325 932 Ther.
340 860 438 929 2448.
462 859 543 944 VII,
569 858 611 926 10
631 857 855 924 restituimur
881 857 943 924 ὅσα
963 884 1004 922 αα
1023 857 1065 942 μή
1089 854 1132 924 ὧν
1152 863 1326 946 πέπραται.

305 967 340 1046 6)
384 960 583 1029 Encliticem
611 968 690 1040 θην
714 960 878 1050 genuinae
899 959 1030 1026 Atthidi
1052 959 1197 1050 ignotum
1220 961 1328 1032 Dorio

221 1077 308 1137 cum·
327 1063 420 1154 epica
451 1063 592 1130 dialecto
626 1085 832 1128 communem
864 1063 987 1144 hebet,
1039 1061 1327 1152 Syracusanorum

221 1181 311 1238 certe
338 1167 464 1254 lingua.
514 1163 657 1255 Legitur
679 1165 767 1230 enim
786 1163 874 1252 apud
897 1164 1102 1255 Sophronem
1125 1166 1166 1230 fr.
1192 1167 1245 1234 1⁰.
1267 1169 1324 1236 54.

220 1275 282 1356 92,
317 1269 438 1359 Epich.
462 1265 503 1334 18
524 1289 585 1332 nec
606 1289 681 1332 raro
702 1265 789 1356 opud
811 1265 1037 1332 Theocritum.
1082 1267 1232 1334 Eandem
1255 1271 1326 1336 Ae-

223 1373 359 1462 schylos
381 1369 570 1436 promoto
591 1366 716 1434 Siculis
739 1367 858 1434 debere
880 1367 1020 1436 videtur.
1065 1369 1234 1436 Poteotrte
1256 1395 1326 1438 oon

222 1477 362 1546 multum
385 1497 403 1538 a
426 1469 463 1549 δή
488 1469 595 1536 differt
617 1469 685 1536 vid.
709 1470 876 1559 Hortung.
910 1469 1029 1536 Partie.
1054 1469 1115 1536 Gr.
1144 1471 1160 1538 1
1189 1495 1224 1562 p.
1247 1471 1325 1540 313.

305 1578 341 1656 7)
378 1575 494 1649 ”Aroe
521 1595 582 1662 pro
612 1571 683 1636 ἄνευ
703 1571 828 1662 legitur
849 1573 995 1638 Acheru.
1019 1571 1102 1655 8ffl,
1136 1597 1324 1664 quanqum

222 1680 305 1748 ibid.
323 1677 388 1746 764
411 1675 483 1740 ἄνευ
504 1679 540 1738 in
561 1673 658 1740 libris
682 1685 743 1740 eet.
775 1674 869 1740 ldem
891 1688 1164 1742 commemorator
1183 1677 1325 1744 meo·

223 1793 342 1874 gnosto
363 1778 455 1844 Anu.
475 1776 559 1842 Οτι.
582 1775 639 1860 ll,
663 1777 745 1860 163,
767 1777 789 1844 8
811 1775 882 1852 ἄνις
904 1776 971 1842 cini
991 1780 1048 1842 τοῦ
1068 1779 1165 1862 χωρίς
1188 1787 1221 1844 et
1238 1776 1321 1865 legi·

222 1898 278 1953 tur
298 1893 465 1975 praeterea
486 1878 654 1968 Lycophr.
679 1877 760 1962 350,
790 1877 930 1946 Nicand.
955 1877 1014 1944 At.
1037 1877 1101 1946 419
1130 1889 1163 1944 et
1191 1878 1227 1944 io
1254 1879 1322 1970 epi·

224 1996 400 2080 grammate
424 1979 604 2071 Cyrenaico
626 1978 743 2046 Journ.
768 1977 826 2046 des
839 1979 926 2048 ·Sav.
952 1980 1036 2048 1828
1057 2004 1090 2070 p.
1108 1980 1182 2046 184.

308 2091 429 2174 pcipi,
459 2106 556 2172 quam
578 2083 715 2148 formem
738 2082 942 2172 grammatici
962 2085 1248 2166 προπερισπᾶσθαι
1269 2083 1326 2150 do-

223 2200 299 2259 cent
313 2191 361 2272 ⁵),
383 2210 444 2276 pro
465 2188 561 2272 χωρίς
582 2183 706 2274 legitur
727 2182 829 2250 Ther.
850 2186 947 2253 2448.
971 2185 1018 2268 V,
1039 2185 1059 2250 7
1082 2195 1115 2250 et
1136 2182 1225 2274 apud
1250 2183 1325 2254 cat·

223 2293 401 2362 limachum
422 2289 464 2354 ir.
487 2287 550 2371 48,
573 2287 709 2375 vulgare
729 2287 825 2370 χωρίς
849 2285 986 2376 (lorepr.
1011 2283 1106 2354 1845.

309 2395 419 2480 ἄχρι,
456 2414 523 2457 non
554 2388 663 2476 ἄχρις,
695 2409 825 2478 semper
852 2389 977 2480 legitur
1004 2387 1040 2454 in
1069 2387 1194 2454 tabulis
1221 2389 1325 2458 Herr-

224 2496 412 2570 cleeoriims
434 2495 532 2560 etiam
554 2500 628 2557 ente
645 2490 775 2557 vocolco
797 2501 834 2556 ut
856 2491 932 2577 ἄχρι
951 2493 984 2567 ἐς
1004 2489 1155 2572 ποταμόν.
1200 2491 1326 2562 Eodem

224 2605 329 2671 formo
359 2596 473 2664 nescio
506 2619 547 2660 ττι
576 2591 778 2660 restituendo
807 2591 851 2658 eit
880 2593 1016 2684 Corcpr.
1043 2593 1238 2672 1845,135
1267 2621 1327 2690 pro

225 2705 341 2793 ἄχρω,
363 2699 451 2790 quod
473 2695 659 2763 Boeclrhiuo
682 2695 717 2762 in
740 2695 832 2782 ἄχρις
853 2696 1000 2762 mutavit.

309 2803 362 2871 De
390 2801 557 2882 πέρυτις
586 2798 642 2866 vel
668 2799 807 2882 πέρυτι
827 2821 888 2888 pro
910 2799 1039 2884 πέρυσιν
1061 2797 1205 2864 diximus
1228 2823 1327 2890 cupra

224 2908 257 2992 §-
275 2907 310 2990 6,
326 2906 358 2972 7.
403 2898 571 2967 Advcrbir
594 2900 774 2966 numeralia
794 2899 831 2964 in
853 2925 904 2979 τις
925 2924 991 2968 non
1013 2899 1174 2986 abjiciunt
1197 2899 1328 2975 ciimale

225 3008 294 3074 nisi
321 3001 455 3072 licentia
483 2997 635 3088 poetica,
670 3012 707 3064 ut
732 2999 858 3086 τετράκι
879 3003 914 3068 in
937 3004 1168 3092 epigrammate
1189 3003 1328 3070 metrico

224 3108 353 3198 Argivo
375 3127 426 3170 nr.
441 3101 482 3170 35
495 3099 611 3186 Roas„
633 3101 761 3166 τουτάκι
781 3103 881 3170 Pind.
891 3105 932 3172 P.
948 3103 1009 3183 1v,
1021 3105 1064 3173 28
1083 3115 1116 3170 et
1129 3103 1171 3170 ir.
1184 3105 1250 3172 283
1261 3117 1325 3172 ete.

310 3210 346 3288 8)
383 3207 592 3282 'Eretum
625 3203 713 3294 quod
735 3205 886 3272 lonicum
918 3231 979 3298 pro
1006 3206 1110 3271 inroret
1130 3228 1205 3272 esee
1227 3208 1327 3274 tradi·

226 3326 282 3384 tur
302 3311 343 3379 eb
364 3307 463 3376 Aelio
487 3305 652 3395 Dionysio
671 3307 758 3396 apud
780 3307 931 3376 Eustath.
950 3309 1046 3393 1215,
1069 3311 1111 3376 32
1133 3319 1165 3374 et
1187 3309 1329 3378 dialecto

226 3442 295 3486 non
326 3411 493 3482 nominato
526 3423 795 3477 commemoretur
825 3435 843 3476 a
873 3411 1090 3501 Theognooto
1119 3411 1212 3476 Ano.
1238 3411 1326 3480 0¹¹.

227 3521 281 3598 ll,
305 3517 387 3598 161,
408 3515 471 3597 29,
490 3513 613 3601 legitur
634 3513 779 3579 Acheru.
803 3513 863 3580 711
888 3525 921 3579 et
942 3513 1087 3582 Pindaro
1109 3513 1289 3602 aliquoties
1308 3539 1326 3580 a

227 3619 396 3689 Boeckhio
410 3613 597 3682 restitutum
612 3627 662 3682 eet
684 3613 752 3680 vid.
768 3615 859 3682 Noto.
879 3615 977 3682 Critt.
995 3616 1035 3682 ad
1051 3615 1149 3704 Pyro.
1167 3613 1231 3698 lv,
1250 3617 1325 3682 211.

313 3725 432 3784 ἕνεκα
454 3729 487 3784 et
508 3721 642 3782 ἕνεκεν
670 3717 782 3786 eadem
804 3718 930 3786 ratione
953 3719 1117 3786 differunt.
1163 3717 1255 3784 lilud
1275 3729 1326 3784 eet

228 3819 481 3911 Megar.1052,
513 3819 621 3885 Rhod.
652 3819 757 3906 2525,
780 3821 823 3904 b,
856 3823 977 3910 Aetpp.
1000 3821 1096 3889 2483.
1119 3820 1218 3888 2484.
1241 3819 1326 3888 2487

229 3937 315 4008 ete,
357 3924 420 3990 hoc
449 3921 580 3988 Galam.
612 3921 716 4007 1189,
761 3921 915 4014 Calymn.
937 3922 1041 4008 2671,
1082 3921 1205 4012 Ατῒῃτ.
1227 3921 1324 3996 2488,

230 4025 307 4096 Get.
330 4034 393 4092 etc.

264 4257 294 4322 e>
328 4253 377 4310 m.
395 4251 435 4308 rr.
453 4253 515 4321 cor,
534 4251 583 4318 α,
601 4250 727 4310 mutuo.
747 4252 816 4321 ιττ,
835 4255 919 4308 ιο-
937 4255 1008 4321 ooo.
1027 4253 1062 4308 re
1081 4281 1112 4295 -
1132 4253 1215 4320 roto,
1229 4249 1273 4306 st.
