2778 4748
210 307 287 386 552
511 304 683 382 Addenda
708 320 745 380 et
766 303 1001 408 Corrigenda.

212 511 249 578 iu
276 509 319 576 iis
347 508 527 600 reperitur,
564 507 653 598 quod
673 507 815 578 Romani
843 509 973 601 imperii
993 509 1175 600 vestigium
1197 511 1323 580 haberi

212 611 341 702 possit3
380 634 453 676 nam
473 633 534 700 pro
562 617 734 698 Τιιβ...,
765 611 855 702 quod
883 612 913 678 si
940 614 977 678 in
1003 612 1177 682 ιιι.1680.
1204 613 1230 680 l>
1253 615 1322 684 Ι.6

212 727 300 782 recte
322 712 444 778 editum
466 725 577 792 esset,
610 711 741 782 titulum
762 713 901 780 Tiberio
922 713 1115 804 imperatore
1137 739 1209 784 uon
1233 719 1320 784 anti·

213 816 361 906 quiorem
383 812 496 880 heberi
512 813 668 900 juberet,
697 815 733 881 in
754 815 873 884 Lealrii
895 817 1096 884 accuratiore
1117 819 1320 910 apographo

213 929 263 982 est
293 940 362 1002 τεγρ
376 963 386 980 .
400 962 408 981 .
423 963 457 980 ..
525 914 678 984 Ceterum
699 918 826 984 Doride
856 919 935 986 satis
959 921 1148 1010 incorrupta
1172 931 1321 988 utuntur

212 1017 300 1084 tituli
318 1018 617 1108 Astypalaeeuses,
640 1019 809 1088 breviores
829 1030 953 1107 tumen,
975 1021 1075 1090 Ross.
1098 1023 1147 1090 ll.
1170 1049 1227 1090 nr.
1242 1026 1319 1094 15³.

214 1117 277 1187 160
299 1118 360 1184 sub
382 1119 431 1186 Μ.
455 1119 595 1187 Aurelio
616 1132 648 1188 et
670 1121 760 1190 Vero
781 1122 909 1211 scripti.

296 1219 436 1309 Papa
470 1247 528 1288 nr.
552 1225 585 1290 2.
629 1224 789 1292 Leukicni
818 1225 908 1292 tituli
936 1249 988 1291 nr.
1012 1225 1053 1294 71
1081 1237 1158 1294 octo
1184 1228 1319 1318 primus

212 1343 326 1388 versus
356 1321 479 1390 nobilis
510 1323 646 1414 quidam
673 1327 721 1394 de
750 1326 897 1394 Seidel
929 1327 992 1394 sub
1021 1328 1154 1395 initium
1186 1334 1320 1402 saeculi

211 1421 331 1488 XVIII
353 1425 621 1513 Peloponnesum
642 1452 819 1519 peragrans
840 1431 1076 1522 descripserat,
1102 1433 1199 1520 cujus
1223 1439 1319 1504 sete·

214 1524 266 1589 dis
296 1548 371 1590 cum
400 1526 489 1594 hono
518 1529 627 1596 fructu
649 1529 780 1598 licilius
808 1556 888 1600 usus
911 1544 961 1598 est
990 1533 1025 1599 iu
1048 1533 1165 1603 Anuli.
1191 1535 1316 1630 Epigr.

213 1651 247 1718 p.
271 1626 313 1694 85
336 1648 456 1718 seqq„
499 1630 540 1696 de
572 1631 701 1724 reliqua
730 1658 862 1726 quoque
889 1635 1107 1726 inscriptione
1134 1639 1319 1732 diligenter

214 1740 460 1796 commentatus.
526 1731 566 1796 Iu
590 1734 740 1802 versibus
761 1749 877 1828 quarto
898 1749 931 1806 et
952 1739 1070 1829 quinto
1091 1740 1226 1810 liciliua
1247 1769 1317 1813 non

194 1809 297 1894 'vidit
328 1831 419 1898 nulla
450 1832 544 1900 litere
578 1847 699 1906 mutata
731 1837 826 1918 οὐδὴς
856 1838 880 1904 i.
903 1863 933 1908 e.
962 1839 1063 1918 eddela
1092 1854 1126 1909 et
1158 1845 1318 1928 [an'uoee

214 1930 296 2012 (vid.
320 1931 352 2014 ἕ.
376 1935 440 2017 44,
461 1937 497 2018 2)
526 1937 595 2028 legi
625 1962 745 2028 posse,
784 1951 821 2008 ut
849 1964 945 2009 uerno
968 1955 1042 2012 ante
1065 1945 1193 2016 similes
1213 1951 1316 2020 vieto·

213 2031 280 2098 rias
302 2047 484 2123 reportasse
507 2039 645 2106 dicatur.

298 2133 394 2224 Peg.
426 2138 478 2204 10.
545 2141 796 2212 calaoreaticos
834 2143 919 2212 alius
957 2158 1046 2214 extat
1084 2150 1118 2216 in
1150 2149 1316 2244 Expedit.

199 2232 342 2316 *Scient
366 2235 407 2300 de
429 2237 542 2304 Morte
563 2242 626 2306 Ill.
651 2267 702 2308 ur.
715 2245 747 2310 3.
773 2269 808 2334 p.
820 2246 874 2313 40.

297 2335 394 2427 Pag·
426 2340 479 2406 11.
536 2344 690 2428 Delphici
727 2345 816 2412 tituli
856 2373 907 2414 nr.
939 2349 1024 2418 1600
1058 2363 1202 2421 cubem
1237 2381 1316 2448 para

214 2437 418 2506 emendatior
438 2443 555 2510 tradita
577 2456 628 2512 est
651 2471 669 2512 a
690 2447 815 2516 Lealrio
836 2449 861 2516 l.
883 2451 907 2516 l.
931 2475 983 2518 nr.
997 2453 1071 2521 100.
1114 2455 1204 2524 Nori
1226 2461 1317 2529 tituli

214 2555 425 2610 accesserunt
447 2544 487 2610 ab
509 2545 590 2616 Eru.
615 2547 730 2617 Curtio
752 2551 832 2618 editi
854 2553 889 2618 in
911 2551 1001 2622 llus.
1024 2555 1133 2624 lllren.
1156 2557 1248 2628 Nor.
1267 2563 1315 2630 11.

213 2665 247 2730 p.
273 2643 336 2710 114
359 2669 477 2737 seqq.=
523 2673 574 2717 nr.
599 2653 637 2718 11
669 2649 833 2720 decretum
862 2655 1186 2746 hieromnemnnum,
1223 2667 1315 2754 qaod

214 2765 255 2808 ex
276 2757 368 2834 perte
388 2749 559 2839 vulgarent
580 2752 755 2822 dialectum
779 2756 935 2843 exhibet3
972 2760 1083 2830 nr.12
1102 2761 1313 2855 Delphoru-

215 2844 256 2910 de
278 2849 454 2936 proxenia3
497 2865 661 2944 postremo
682 2857 906 2935 eliustitulue
928 2862 1017 2928 servi
1038 2855 1249 2936 ddnationern
1270 2873 1315 2938 ri·

214 2955 328 3032 utens,
372 2975 470 3039 quem
507 2965 726 3025 creovorum
756 2958 974 3032 Tliersclriua
1005 2964 1042 3031 in
1074 2966 1173 3035 Actis
1205 2973 1312 3040 Aead.

214 3045 306 3118 Mon.
330 3051 414 3120 1840
437 3075 470 3141 p.
485 3053 527 3122 67
548 3068 582 3124 et
602 3057 690 3128 idem
713 3060 850 3130 Curtius
872 3065 908 3130 iu
928 3065 1103 3158 Eplremnr.
1127 3069 1206 3140 Jcn.
1230 3075 1314 3144 1842

214 3173 266 3216 ur.
289 3151 364 3218 246.

299 3255 449 3323 Plocieis
474 3256 558 3326 adde
586 3259 715 3330 decreta
735 3265 1006 3358 Auticpreusium
1037 3275 1124 3365 apud
1148 3276 1314 3350 Lutia-

215 3355 240 3422 l.
263 3355 286 3424 l.
318 3381 368 3422 ur.
392 3359 456 3442 06,
486 3361 580 3428 valde
601 3366 728 3433 mutila.

298 3459 394 3549 Peg.
420 3461 472 3528 12.
523 3463 613 3531 Inter
641 3473 862 3544 scamnum
890 3479 1126 3572 inscriptiones
1153 3507 1227 3552 ears
1254 3510 1315 3556 ue-

214 3558 400 3646 gleximus,
439 3585 523 3654 quoe
550 3568 716 3640 aLealsio
743 3573 779 3641 iu
802 3579 917 3646 eodem
939 3604 1039 3672 opere
1060 3585 1138 3654 Vol.
1161 3587 1225 3654 lv.
1259 3613 1312 3656 nr.

216 3659 279 3726 164
300 3663 387 3730 edita
408 3679 480 3750 est,
514 3667 550 3734 iu
571 3673 612 3738 Aa·
635 3675 740 3742 Vosili
761 3692 900 3768 reperta.

299 3763 397 3855 Peg.
421 3769 461 3834 13
491 3769 516 3836 l.
542 3771 575 3840 8.
620 3775 704 3865 Leg.
729 3803 787 3863 „a.
808 3781 914 3851 282.“
979 3786 1049 3854 Sed
1074 3791 1206 3880 lugeret
1233 3817 1309 3878 aea,

214 3864 304 3954 quod
325 3864 511 3937 Boeclslrius
534 3871 634 3966 Corp.
659 3877 765 3948 Inscr.
789 3882 818 3949 Ι.
848 3909 884 3974 p.
906 3886 950 3956 85
978 3901 1091 3958 contre
1113 3891 1310 3977 Castellum

214 3989 312 4055 quem
340 3971 472 4060 sequuti
499 3998 651 4059 eramus,
682 3993 715 4048 et
735 3983 818 4052 alios
839 3989 993 4076 monuit,
1026 3993 1188 4062 tielenses
1211 3998 1310 4065 estr-

213 4071 300 4156 apud
324 4071 518 4142 Ciceronem
538 4078 650 4154 (Verr.
672 4083 726 4168 11,
744 4085 784 4172 3,
803 4088 845 4155 43
866 4103 901 4158 et
919 4093 962 4176 4,
983 4093 1039 4176 33)
1061 4101 1309 4167 commensurari

212 4179 244 4234 ct
270 4171 400 4240 titulum
431 4189 566 4266 propter
594 4183 709 4252 literae
737 4187 852 4280 Signia
881 4195 1003 4264 formas
1023 4201 1056 4262 Σ
1080 4209 1113 4266 et
1134 4197 1162 4266 C
1186 4203 1309 4292 proni·
