2862 4770
218 319 295 396 228
596 313 653 386 Dc
674 305 926 384 declinatione.

220 521 317 592 2448.
340 519 386 601 V,
408 516 487 592 ttr'oc
508 515 711 582 accusativus
732 510 873 604 pluralis
894 508 985 576 Cret.
998 505 1082 574 2555
1092 515 1191 588 extr,
1214 525 1324 593 quan·

221 649 317 716 qnam
338 621 391 686 lric
415 617 588 694 miramur,
613 617 702 708 qnod
726 639 792 682 nou
812 612 898 689 ἱλάος
919 611 1077 700 scriptum
1098 618 1168 690 est,
1189 603 1324 670 ἔκπλεω

223 725 354 793 ΗιιιιΙ.
379 723 431 798 ΙΙ,
454 721 517 802 32,
553 719 642 784 unde
668 717 896 784 Timocreonti
928 715 969 779 [ι·,
993 715 1011 778 1
1042 709 1195 784 ὑπόπλεος
1222 705 1322 772 reati·

222 829 344 895 tuimur
366 847 425 914 pro
449 821 619 898 ὑπόπλεως.
676 821 743 886 Ριο
764 819 920 884 Attico
900 843 959 892 ιως
980 813 1139 881 Doricum
1163 821 1216 878 est
1238 809 1319 886 niolo,

222 928 309 1019 quod
342 927 468 993 tertiam
504 924 756 990 declinationem
794 919 953 1010 sequitur.
1019 913 1193 1000 Quomodo
1229 915 1320 988 Κῶς,

223 1030 362 1098 Doricae
392 1027 521 1094 insulae
552 1051 670 1092 nomen
692 1023 809 1113 apnd'
800 1045 891 1112 rpsos
913 1018 1096 1106 Dorienses
1118 1017 1241 1084 flexum
1264 1013 1321 1094 sit,

223 1157 290 1198 non
305 1143 448 1222 apparet.
493 1128 609 1220 Neque
631 1139 737 1192 tamen
760 1125 966 1206 dubitamus,
989 1121 1070 1212 quin
1093 1131 1126 1185 et
1147 1119 1181 1183 in
1204 1120 1269 1182 lroc
1290 1127 1323 1180 et

226 1237 260 1300 in
282 1233 358 1299 aliis
380 1230 569 1298 nominibus
584 1228 744 1319 propriis,
768 1239 803 1292 ut
819 1225 950 1292 Cretico
973 1225 1036 1288 Ἰ
1001 1251 1020 1288 α
1040 1250 1100 1300 ως,
1124 1220 1228 1288 Doris
1247 1243 1320 1286 eum

225 1335 360 1402 Atthide
383 1359 447 1402 uon
472 1331 710 1424 discrepuerit,
733 1330 777 1396 el.
801 1329 834 1414 ξ.
857 1328 919 1414 30,
941 1328 974 1396 8

716 1543 749 1627 ι.
774 1542 826 1610 ιι.

557 1699 618 1749 sse
636 1697 895 1749 declinatione
912 1695 989 1746 m.

311 1845 347 1932 1)
393 1845 429 1912 ln
461 1845 649 1910 universnm
679 1867 813 1912 casuum
843 1841 1089 1910 terminationes
1111 1851 1244 1931 excepto
1266 1841 1323 1906 da·

226 1950 294 2015 tivo
316 1945 437 2039 plurali
459 1971 524 2014 nou
549 1947 703 2012 differunt
724 1947 962 2036 {vulgaribus
1007 1943 1238 2011 Nominativns
1256 1941 1324 2009 aiu·

228 2051 353 2143 galeris
376 2050 411 2114 iu
434 2047 546 2138 puncis
571 2047 766 2139 quibusdum
790 2048 951 2139 singulari
975 2071 1035 2114 usu
1059 2075 1075 2123 ς
1096 2045 1255 2128 assumit,
1287 2057 1324 2109 nt

228 2153 351 2238 μάκαρι
378 2175 438 2240 pro
460 2149 566 2236 μάκαρ
590 2149 699 2215 ΑΙιιιι.
722 2149 765 2218 64
787 2149 893 2238 (66),
913 2175 1056 2240 quocum
1084 2149 1235 2216 conferas
1261 2153 1323 2212 Πι-

228 2257 338 2340 ρίηρς,
360 2251 450 2344 quod
470 2275 572 2342 quum
594 2275 654 2342 pro
679 2252 843 2336 Περιήρης
864 2253 952 2343 apud
970 2253 1162 2319 Alcmenen
1185 2251 1254 2340 legi
1275 2273 1323 2316 re·

229 2357 312 2422 ierat
339 2355 549 2421 Herodianus
578 2355 614 2420 in
644 2353 700 2419 Et.
729 2351 777 2418 M.
807 2353 890 2438 663,
921 2355 962 2420 55
994 2359 1128 2434 (nornen
1157 2352 1324 2444 proprium

228 2481 303 2525 esse
331 2457 495 2524 intellexit
516 2455 793 2524 Schneidewinus
822 2455 934 2544 Conjj.
966 2457 1063 2523 Critt.
1097 2481 1131 2546 p.
1153 2453 1213 2540 9),
1257 2453 1325 2522 noli

229 2583 374 2651 syncope
395 2559 542 2626 inaudita
564 2573 675 2626 natum
697 2570 830 2648 putare,
854 2559 912 2625 aed
927 2559 1063 2625 eandem
1076 2557 1325 2646 compositionis

227 2664 385 2730 rationem
404 2685 568 2751 agnosce,
604 2686 687 2752 quae
715 2673 765 2728 est
793 2661 828 2725 in
856 2661 976 2752 plurali
1005 2662 1140 2746 ἐρίηρες.
1194 2657 1325 2730 Deinde

228 2765 429 2831 nominativo
450 2765 522 2849 χέρς
546 2787 625 2830 usus
648 2773 697 2828 est
719 2761 917 2830 Timocreon
948 2765 991 2830 lr.
1007 2764 1058 2848 ,6,
1089 2763 1192 2854 volgo
1217 2773 1325 2828 tamen

229 2867 327 2932 etiam
342 2865 523 2931 Dorienses
544 2869 610 2950 χείρ
633 2863 757 2930 dixisse
778 2863 951 2950 videntur,
974 2865 1062 2956 quod
1079 2877 1131 2932 est
1145 2865 1231 2954 apud
1247 2863 1326 2956 Epi·

229 2969 395 3034 clrermum
426 2968 469 3034 l'r.
495 2963 568 3032 118.
626 2965 813 3032 decedente
844 2967 949 3057 sigma
976 2997 993 3032 r
1022 2967 1144 3036 excidit
1165 2967 1201 3032 in
1225 2967 1327 3052 ἄρσις

229 3091 290 3158 pro
322 3067 441 3150 ἄρσην,
479 3067 509 3134 si
529 3067 564 3132 id
586 3079 672 3134 reete
694 3067 816 3158 legitur
837 3072 872 3136 in
894 3071 1017 3137 receuti
1039 3071 1137 3138 titulo
1159 3069 1326 3136 Laconico

231 3194 282 3236 ur.
307 3171 391 3236 1454
411 3180 444 3235 et
465 3169 499 3233 in
521 3169 583 3250 μῆς
603 3170 657 3236 vel
677 3174 743 3251 μιίς
764 3197 825 3264 pro
845 3172 925 3254 μήν,
956 3173 1023 3240 vid.
1048 3173 1081 3257 §-
1105 3174 1160 3240 31.
1189 3211 1230 3224 -
1275 3171 1326 3237 De

231 3269 363 3338 Cretico
391 3283 424 3337 et
445 3269 573 3364 Argivo
603 3273 707 3348 ιιθέις
735 3297 795 3362 pro
825 3277 924 3351 ιιθιῖς
952 3275 1097 3342 diximus
1127 3280 1159 3358 §-
1183 3275 1244 3359 14,
1287 3273 1328 3339 de

230 3377 344 3461 χαρίης
366 3387 399 3440 et
421 3373 586 3440 similibus
610 3373 644 3438 in
669 3376 832 3442 serenos-c
851 3376 978 3444 Doride
1007 3379 1039 3462 §-
1062 3378 1125 3463 20,
1159 3375 1200 3442 de
1221 3397 1327 3443 corre·

231 3487 287 3567 pta
309 3477 422 3544 ultima
445 3475 479 3541 iu
493 3477 594 3555 Αἴᾶς,
618 3481 725 3562 punito
748 3503 807 3570 pro
829 3483 968 3564 χαρίεις,
996 3479 1103 3555 Φυιός
1123 3503 1184 3570 pro
1203 3481 1328 3553 Φικοῦς

316 3677 351 3766 2)
396 3679 620 3760 Genitiyus
643 3681 993 3776 pluralisulrique,
1028 3685 1206 3772 ntvnlgo,
1230 3684 1266 3750 in
1288 3709 1328 3746 ιιι

233 3781 313 3847 exit.
365 3781 436 3848 Nec
463 3793 550 3849 recte
573 3781 770 3874 Epicharmo
792 3787 977 3854 lemmater
996 3787 1174 3870 tribuitur,
1206 3786 1328 3876 inquo

23 3875 24 3880 ’
102 3939 104 3942 .
233 3893 284 3948 ιιι
305 3884 487 3966 Σιιρηιάωι
508 3907 568 3974 pro
588 3885 748 3972 Σειρήνων
763 3890 813 3972 1),
848 3911 956 3978 neque
977 3891 1168 3980 incorrupte
1188 3911 1264 3956 esse
1281 3886 1327 3954 ri·

22 4213 44 4296 l

233 4113 646 4256 υὼτδιΙιοΙΙΜΒΉΙι
630 4117 827 4186 uldredus
834 4117 958 4173 ἰιῶιΒ
923 4115 1201 4190 ωιιιςῐῆφυιὴαι
1245 4119 1327 4174 ῦιιδό

384 4201 522 4269 unicis*
539 4201 625 4275 ἅριιιι
642 4202 806 4276 orum
794 4205 1013 4279 ιιιιίμΚριριι
1117 4203 1325 4268 mentand-
