2742 4794
11 433 14 484 t

228 355 253 428 2
553 351 609 423 De
634 346 795 422 dialectis
820 345 979 423 Aeotieis

228 549 396 617 Aeolicam
409 545 581 613 dialectum
603 569 762 616 servasse.
805 543 996 612 Strabonem
1013 567 1089 612 vero
1110 544 1146 610 in
1167 545 1220 613 his
1241 569 1315 614 non

228 651 379 740 antiquas
411 647 451 714 dc
472 647 608 714 Aeolica
639 646 739 736 stirpe
767 657 800 711 et
830 646 967 712 dialecto
997 646 1210 733 traditiones,
1252 649 1317 716 sed

228 753 390 842 vulgatam
420 749 511 816 illam
532 759 670 838 quatuor
690 749 899 814 dialectorum
921 747 1115 814 dlvisionem
1137 760 1316 839 sequutum

231 878 327 936 esse,
349 854 420 942 ipse
442 849 521 918 satis
542 849 670 940 prodit,
699 873 800 938 quum
819 849 929 936 paullo
950 861 1024 916 ante
1044 862 1092 916 tot
1112 849 1317 917 Graecorum

229 956 333 1021 luisse
356 951 474 1042 stirpes
494 951 648 1032 affirmat,
670 961 751 1040 quot
771 951 948 1026 dialectos,
970 961 1127 1042 quatuor,
1150 951 1316 1034 lonicam,

230 1057 391 1138 Atticam,
424 1051 597 1136 Doricam,
630 1052 817 1135 Aeolicam,
850 1051 1071 1119 Athenienses
1091 1065 1223 1144 propter
1243 1054 1320 1120 dia·

231 1160 351 1225 lectum
372 1155 455 1220 male
477 1152 517 1218 ab
540 1153 677 1220 Ionibus
700 1175 890 1242 segregans,
914 1153 990 1218 dum
1011 1155 1202 1221 Heraclides
1223 1155 1319 1222 Pon-

230 1260 316 1325 ticus
341 1257 428 1348 apud
448 1254 570 1321 Athen.
592 1253 689 1335 XIV,
711 1255 774 1322 624
796 1253 924 1320 cautius
943 1254 1005 1322 tria
1024 1253 1222 1323 Graecorum
1242 1257 1329 1340 γένη.

230 1361 356 1442 Dores,
390 1357 531 1436 Aeoles,
563 1355 663 1422 lones
684 1354 870 1444 distinguit.
934 1355 1051 1448 Neque
1080 1369 1167 1424 recte
1195 1357 1320 1424 Suebo

230 1462 287 1527 illa
308 1460 469 1528 divisione
498 1481 611 1523 omncs
633 1455 831 1522 Graecorum
861 1455 979 1548 stirpes
1008 1471 1040 1524 et
1061 1457 1215 1527 dialectos
1237 1484 1322 1526 eon-

228 1561 327 1628 tineri
347 1561 498 1648 opinatus
519 1570 580 1625 est.
626 1557 767 1647 Antiqui
788 1557 876 1624 cuim
892 1561 1091 1650 grammatici
1113 1586 1168 1628 eas
1189 1571 1323 1630 tautum

230 1663 384 1728 dialectos
406 1660 615 1749 spectabant,
648 1659 770 1750 quibus
791 1659 966 1751 scriptores
994 1663 1048 1728 usi
1068 1673 1197 1745 essent,
1227 1675 1325 1730 cete-

230 1788 302 1846 ras,
334 1785 417 1852 quae
445 1785 512 1828 nou
533 1761 707 1851 vigebant,
742 1762 809 1828 nisi
837 1762 872 1827 in
893 1787 949 1829 ore
970 1763 1103 1854 populi,
1135 1787 1201 1828 non
1222 1788 1322 1833 cura·

229 1865 318 1929 bant.
373 1862 466 1946 Nec,
499 1864 528 1930 si
555 1863 761 1946 omittamus,
797 1887 1051 1954 quaecunquee
1082 1865 1235 1954 scythicis
1256 1893 1326 1957 ge-

230 1965 392 2052 nealogiis
414 1963 632 2055 colliguntur,
656 1965 734 2054 quia
754 1963 810 2030 vix
829 1963 1005 2055 quidquam
1028 1977 1098 2050 est,
1127 1967 1216 2057 quod
1237 1967 1325 2038 iude
1361 1963 1362 1970 ἵ

230 2059 346 2156 colligi
365 2076 517 2157 nequeat,
540 2065 636 2147 Elei,
658 2065 824 2146 Arcades,
847 2065 966 2150 Locri,
988 2067 1193 2147 Phocenses,
1213 2067 1327 2137 Aeto·

227 2167 273 2251 li,
295 2169 496 2244 Acarnanes,
520 2189 662 2255 unquam
683 2175 810 2253 practer
830 2164 1023 2235 Strabonem
1043 2169 1200 2236 Aeolicac
1221 2169 1328 2261 stirpi

229 2269 348 2335 diserte
380 2269 632 2334 adnumerantur
656 2267 708 2332 vel
727 2265 866 2332 Aeolica
890 2269 1029 2336 dialecto
1057 2272 1110 2337 usi
1132 2295 1207 2338 esse
1231 2275 1327 2341 refe-

226 2381 352 2436 runtur.
419 2369 560 2451 Contra,
601 2377 638 2432 nt
667 2378 829 2432 taceamus
859 2369 899 2436 de
930 2371 1116 2439 Arcadibus
1150 2373 1327 2464 Pelasgis,

228 2471 306 2564 quia
327 2471 423 2537 ctiam
442 2471 565 2537 Aeoles
587 2468 723 2558 Pelasgi
743 2481 899 2537 vocantur
912 2469 962 2561 ³),
991 2473 1090 2540 Locri
1112 2485 1198 2541 certe
1218 2475 1329 2544 Lele-

228 2597 288 2662 ges
308 2573 512 2640 habebantur
526 2569 575 2658 ⁴),
603 2571 716 2637 Aetoli
739 2571 819 2638 adeo
840 2573 986 2642 Doribus
1006 2577 1259 2644 adnumerantur
1275 2577 1329 2668 ὅ),

225 2695 289 2738 nec
312 2673 422 2738 minus
443 2674 598 2761 Epirotae
618 2673 739 2738 Dorica
761 2674 899 2741 dialecto
921 2677 969 2742 uti
991 2679 1144 2742 dicuntur
1157 2675 1210 2762 ⁸),
1233 2703 1331 2769 quae

227 2797 324 2864 quam
344 2797 420 2838 vera
442 2775 527 2854 siut,
555 2771 620 2837 alio
641 2773 715 2838 loeo
736 2785 919 2860 quaeretur.
969 2777 1067 2842 Nune
1090 2777 1228 2843 subiciat
1249 2805 1331 2851 mo-

228 2897 326 2958 nere,
360 2883 392 2940 ct
421 2875 456 2941 in
478 2873 633 2940 Eleorum
657 2873 887 2964 Arcadumque
908 2875 1057 2943 dialectis
1085 2879 1190 2961 nihil,
1229 2889 1333 2972 qnod

229 2975 361 3064 quidem
390 2975 550 3057 sciamus,
581 2972 712 3056 inesse,
742 2997 801 3040 cur
821 2975 978 3044 Aeolicac
998 2980 1108 3070 potius
1130 3005 1225 3071 quam
1249 2983 1332 3056 Do.

227 3078 313 3146 ricae
346 3075 485 3146 dialecto
522 3074 793 3161 adnumerentur,
835 3087 867 3143 et
903 3077 1113 3166 Phocenses,
1153 3083 1330 3178 Delphos,

228 3249 370 3262 *ιο-σι-
393 3251 508 3262 ---—-—G

262 3353 291 3419 ³)
325 3349 429 3406 Herod
448 3349 583 3419 v11‚95
618 3352 711 3410 Strab.
730 3353 766 3410 V.
787 3369 814 3424 p.
832 3356 893 3412 ³³5.

262 3438 291 3501 t>
325 3435 415 3492 sarab.
436 3436 503 3494 vll.
522 3455 549 3509 p.
569 3441 630 3496 495.
667 3441 754 3495 Dion.
773 3441 835 3494 Hal.
854 3441 884 3509 Ι,
904 3445 946 3498 18.

262 3525 290 3590 5)
324 3521 421 3593 Stcpb.
440 3523 554 3593 Byas.
568 3543 594 3582 v.
609 3526 708 3582 Ἰωνία·
726 3527 753 3579 da
769 3527 859 3582 otAo
840 3545 914 3600 opero
900 3531 954 3582 seo
969 3527 1105 3616 Ahului,
1110 3533 1333 3600 dvdlAa’otar'm

228 3611 350 3672 Bomoi,
367 3610 393 3661 ds
409 3609 437 3662 dd
448 3607 531 3664 ’loon
507 3609 689 3682 muoparon

262 3700 292 3765 5)
326 3693 647 3766 tornationem:
683 3697 781 3770 Aaou
771 3703 917 3771 χρῶνται
888 3637 1081 3758 es‘l’ddrolcr
1070 3709 1149 3760 snat
1174 3711 1249 3762 Koios
1279 3720 1333 3773 „a

228 3782 430 3854 Πελοποηὴσωι
419 3785 489 3836 »sat
504 3785 614 3856 moso
630 3786 674 3838 aet
689 3787 854 3840 tantatus.
846 3786 965 3855 ’Λιβύες
989 3793 1032 3842 καὶ
1047 3791 1073 3844 oi
1089 3793 1137 3864 τὴν
1151 3794 1261 3868 ἤπειρον
1281 3805 1332 3858 λε.

227 3873 335 3940 yoptsqs
349 3868 483 3932 οἰκοῦντες,
500 3887 553 3941 pro
570 3887 626 3939 quo
643 3871 673 3925 iu
691 3873 892 3928 recentioribus
909 3875 1079 3934 editionibus
1096 3891 1124 3934 et
1136 3881 1188 3934 Gr.
1202 3883 1332 3946 hicerm,

230 3971 259 4026 p.
277 3957 329 4012 ott
346 3955 492 4028 estolveio
506 3957 625 4012 παλαιὰν
639 3957 688 4028 ἢπ.
704 3958 751 4012 oia.
768 3987 805 4004 -α
838 3963 947 4034 Κρίσωο
970 3963 999 4016 in
1026 3965 1090 4019 edd.
1109 3981 1181 4020 rece.
1200 3979 1228 4022 et
1244 3977 1332 4041 apud

230 4041 281 4100 Gr.
298 4043 414 4098 hleerm.
432 4044 562 4100 omissum
586 4045 699 4115 nescio,
723 4049 863 4115 quomodo
882 4053 1022 4106 emendari
1048 4053 1151 4124 possis,
1172 4053 1228 4108 uisi
1248 4061 1332 4118 velis

228 4131 367 4201 Κρισαῖρι,
392 4145 549 4200 quanquam
575 4129 674 4188 mirum
699 4139 742 4188 est
766 4135 844 4192 urbis
870 4137 939 4192 olim
960 4137 1069 4196 dirutae
1096 4156 1113 4195 a
1137 4145 1331 4210 grammatico

228 4215 392 4273 mentionem
411 4215 483 4272 fieri.
