2866 4766
314 353 347 448 §.
362 353 423 432 44.
460 357 517 430 De
533 348 715 429 adverbiis
735 353 807 430 looi
828 368 864 444 et
884 355 1071 454 temporis.
1166 353 1242 436 377

145 553 246 645 3049)
269 557 436 642 κασμὸκτες
457 560 662 644 (κοσμΙανιις,
679 560 890 642 κοσμοῦντες).
924 557 1240 646 1α111ια1.2525,1ι.

142 661 186 728 85
215 659 326 727 miuus
354 661 477 728 Dorice
503 673 555 727 est
585 661 635 727 ὅτε
663 661 699 726 ds'
725 687 778 727 κα.
822 659 954 729 Deinde
976 660 1063 751 apud
1085 663 1242 754 Epichar-

143 787 236 828 mum
258 762 334 830 ποκ’
357 761 565 829 indefinitum
587 773 639 830 est
660 764 703 828 fr.
718 763 781 846 94,
804 763 920 830 αὸαοκ’
942 776 975 830 et
996 763 1166 830 oduuinosa
1185 766 1242 850 94,

6 915 7 936 2
143 865 233 955 apud
256 865 460 954 Sophronem
482 866 530 930 ta·
547 864 601 932 50.
625 866 666 932 54
689 863 897 930 indefinitum
917 865 1021 944 ποκά,
1053 867 1095 931 fr.
1121 868 1138 932 1
1169 867 1241 946 ὅκα,

143 963 232 1054 apud
253 965 448 1032 Alemauena
467 966 553 1033 ποκά
576 967 628 1034 13.
651 967 706 1036 25.
731 969 798 1047 (23.
822 968 898 1050 82),
934 968 993 1034 ὅκα
1016 970 1068 1034 14.
1094 967 1147 1036 59.
1172 970 1240 1052 (25.

6 1117 8 1148 :
142 1069 220 1151 24),
255 1067 400 1156 Lysistr.
433 1069 494 1136 105
523 1068 626 1154 ποκά,
663 1069 744 1137 1251
776 1069 861 1147 ὅκα,
894 1072 1039 1136 Acharu.
1065 1071 1130 1139 720
1157 1071 1241 1157 ὅκα,

143 1169 231 1260 apud
252 1169 465 1236 Theocritum
488 1169 572 1237 πὸκα
593 1171 863 1259 interrogativum
884 1171 946 1249 Ν,
967 1173 998 1238 7.
1021 1172 1064 1252 V,
1083 1173 1137 1240 39.
1160 1173 1241 1258 XV,

144 1273 207 1348 44,
229 1270 314 1337 ποκά
336 1271 543 1338 indefinitum
567 1273 778 1364 saepissime,
802 1273 1026 1358 ὅπὸκαΧΙΗ,
1049 1277 1091 1341 12
1112 1287 1145 1342 et
1165 1301 1243 1342 eon·

6 1435 7 1442 ,
146 1397 227 1441 sona
254 1375 364 1440 miuus
394 1375 519 1441 Dorice
549 1376 712 1464 geminata
741 1376 867 1444 ὅππὸκα
888 1376 939 1454 V,
962 1377 1027 1462 98,
1062 1377 1140 1444 τόκα
1161 1379 1241 1464 vn,

6 1503 7 1512 ¹
147 1476 209 1542 154
241 1487 326 1555 οἱα,
361 1477 421 1542 ὅκα
446 1478 618 1544 relativum
648 1503 765 1571 saepe,
805 1477 865 1546 ὅκὸ
892 1479 946 1561 μέν
975 1517 1018 1527 -
1051 1479 1167 1548 itione
1197 1483 1240 1562 δέ,

6 1603 8 1616 ’
144 1577 261 1645 modo
282 1615 324 1628 -
345 1579 465 1646 modo
486 1579 524 1664 1,
547 1579 600 1648 30.
624 1580 687 1665 Ν,
707 1581 767 1665 17,
793 1581 908 1646 didono
930 1581 984 1664 μέν
1005 1621 1047 1633 -
1070 1582 1187 1648 ditono
1211 1585 1247 1648 de'

143 1679 206 1759 lv,
229 1681 283 1746 43.
336 1683 507 1750 Postremo
536 1694 648 1750 notatu
680 1683 817 1774 dignum
847 1694 897 1750 est
923 1683 1010 1773 apud
1039 1683 1244 1774 Hesychium

143 1779 166 1848 a*
169 1807 312 1861 orosa,
335 1783 431 1850 ἐνιότε
451 1783 540 1870 παρὰ
563 1787 765 1872 Ταραντίνοις
786 1785 810 1851 i.
823 1810 853 1851 e.
878 1783 955 1849 ἔσθ’
978 1785 1054 1864 ὅκα,
1079 1783 1155 1852 ἔσθ’
1179 1788 1239 1856 ὅτε.

143 1919 188 1932 -·-
229 1883 305 1952 Non
333 1897 422 1952 reete
442 1885 624 1953 Dorienses
652 1887 687 1952 in
718 1889 777 1954 ὅκα
807 1885 947 1954 subinde
973 1913 992 1951 κ
1016 1887 1243 1980 geminassea

6 2045 11 2082 2
145 1986 365 2076 grammaticis
386 1987 578 2072 traduntur,
607 1987 673 2055 vid.
696 1987 730 2072 ᾗ.
752 1989 814 2074 45,
836 1991 870 2056 3.

233 2089 287 2168 14)
325 2087 493 2156 Aduerbio
515 2090 624 2157 modi
647 2091 683 2156 iu
709 2116 752 2167 ως
773 2090 926 2158 exeuntia
947 2115 1022 2158 eum
1042 2093 1172 2184 vulgari
1192 2119 1242 2162 ra·

141 2190 235 2256 tione
253 2213 351 2282 saepe
371 2203 508 2258 aeeentu
531 2191 686 2260 differunt
706 2193 774 2258 vid.
798 2193 830 2278 §-
854 2195 894 2271 3,
917 2195 950 2262 9.
1005 2194 1103 2262 Nune
1125 2195 1162 2262 id
1183 2223 1242 2289 po·

144 2291 309 2358 tissimum
331 2293 367 2358 iu
388 2294 575 2361 memoriam
596 2305 782 2363 revocatum
805 2297 976 2388 volumus,
1007 2321 1067 2384 ea,
1097 2325 1180 2390 quae
1200 2301 1242 2366 als
1371 2311 1372 2319 ’

144 2395 310 2462 adverbiis
342 2395 527 2480 ducuntur,
569 2396 815 2464 circumflexum
845 2398 881 2464 in
911 2399 1124 2488 penultimam
1158 2403 1242 2470 asei-

10 2565 14 2585 ,
147 2519 260 2580 suere,
289 2499 407 2574 οὸιαὸς,
440 2495 555 2573 ἄλλαῖς,
584 2501 725 2577 nennio,
755 2522 815 2563 nee
837 2499 966 2586 miuus,
996 2501 1027 2566 si
1046 2514 1135 2569 reete
1151 2505 1242 2591 judi·

145 2598 292 2666 cavimus
315 2599 419 2679 ὅαιὸς,
454 2599 576 2690 quibus
598 2598 699 2674 adroic
720 2599 905 2666 addendum
927 2625 1020 2686 esse,
1054 2627 1242 2696 quanquam

145 2723 235 2768 uuue
257 2702 393 2790 uulgare
417 2701 516 2777 αὔτως
535 2702 623 2792 apud
643 2701 860 2770 'I'heocritum'
884 2714 970 2770 extat
991 2705 1046 2789 11,
1070 2707 1144 2774 133.
1175 2709 1240 2795 111,

146 2803 200 2872 30.
225 2803 268 2880 V,
291 2803 354 2887 40,
386 2827 426 2870 eo
448 2802 553 2892 magis
574 2803 789 2890 confidimus,
820 2803 910 2896 quod
931 2804 1040 2894 ipsum
1061 2832 1242 2898 pronomen

146 2918 314 2995 oxptouon
343 2916 404 2972 est.
458 2903 759 2974 Demonstrativum
788 2905 849 2972 aida
879 2905 997 2998 Epion.
1027 2909 1081 2978 18.
1105 2912 1147 2979 99
1176 2923 1238 2980 ete.

145 3033 189 3075 ex
219 3009 297 3084 deda
325 3010 446 3074 tautum
474 3021 543 3092 est,
575 3019 612 3074 ut
642 3009 774 3099 vulgo..
814 3008 908 3094 Quae
937 3035 1002 3078 vox
1033 3012 1122 3102 quod
1153 3016 1241 3105 apud

145 3109 358 3176 Theocritum
381 3131 480 3201 saepe
501 3110 640 3178 locatim
659 3121 821 3201 potestate
851 3113 954 3179 utitur
982 3113 1052 3182 laio
1080 3125 1113 3182 et
1140 3117 1239 3202 hue,

145 3211 203 3280 vix
224 3212 383 3279 eDoride
404 3214 518 3280 hausta
540 3224 601 3280 est.
654 3213 841 3280 Relativum
866 3217 926 3294 oie,
956 3239 1018 3306 pro
1043 3241 1110 3308 quo
1138 3221 1241 3288 semel

146 3313 209 3390 τιὸς
229 3313 349 3402 legitur
369 3315 515 3382 Acheru.
534 3315 599 3384 728
619 3319 701 3408 (quo
722 3317 905 3409 respiciens
927 3317 1108 3409 Gregorius
1128 3345 1163 3410 p.
1176 3323 1241 3389 243

145 3417 306 3485 Doricum
329 3441 401 3484 esse
423 3417 592 3505 affirmat),
615 3419 729 3508 eodem
750 3404 865 3500 modo,
888 3419 1004 3511 quiin
1028 3419 1087 3484 eide
1109 3424 1240 3514 conspi-

147 3519 251 3603 citur,
274 3518 378 3608 sigma
400 3519 515 3607 abjicit
535 3523 570 3586 in
591 3521 667 3607 aira,
690 3521 780 3614 quod
801 3545 820 3588 a
840 3521 1059 3611 grammaticis
1081 3523 1240 3594 Doricum

6 3617 12 3660 ''
146 3621 287 3705 dieitur,
310 3623 459 3712 exemplo
480 3621 694 3709 Menenios,
717 3636 754 3690 ut
773 3622 903 3691 ridetur
923 3625 1004 3706 (vid.
1025 3621 1237 3696 Mus.Rheu.

6 3779 13 3822 ι
146 3721 216 3788 Vll
235 3745 270 3813 P·
293 3723 390 3808 ²³4),
414 3723 589 3807 14410115).
633 3727 725 3794 Idem
747 3727 834 3818 apud
854 3726 1032 3795 Pindarum
1053 3727 1150 3798 libris
1170 3731 1239 3822 ple·

150 3899 413 3912 ————··-·-

182 4002 229 4067 15)
264 3999 536 4069 Apollondepron.
554 4005 598 4071 di,
617 4004 650 4058 B.
685 4004 754 4060 otta
771 4005 991 4078 βαρυκοιοῦσιτό
1011 4000 1142 4078 dffind.
1162 4011 1239 4082 sul)

149 4087 270 4159 Δωρικῶς
288 4086 421 4152 delborae·
437 4085 497 4142 dne
512 4095 563 4144 aod
578 4089 627 4154 aie,
653 4089 747 4157 ὅμαὶας
765 4097 815 4163 epi'
844 4089 908 4147 ὅτι
925 4097 1044 4166 lapsuive
1062 4097 1135 4163 (uod.
1153 4117 1239 4169 χιρκι-

6 4239 10 4272 Ι
148 4178 205 4243 τις)
227 4173 293 4241 rand
311 4172 387 4228 otidis
409 4180 640 4248 κραμαθιαυμίκα.
669 4207 698 4221 -
738 4179 781 4236 ld.
806 4181 843 4235 de
866 4191 941 4252 synt.
960 4185 1026 4250 tto,
1044 4183 1079 4236 10
1101 4181 1137 4236 ad
1163 4183 1239 4240 idem

148 4261 267 4317 Pindari
295 4261 492 4332 fragmentum:
519 4267 583 4321 Ικιαι
604 4268 691 4332 atnoe
713 4266 746 4323 τὸ
769 4265 1006 4342 ὅ1αιρῤημακιιι1ι
1023 4265 1180 4332 1κ1ιξὸιιικαι
1206 4301 1238 4312 -
