2778 4748
186 309 263 388 542
487 303 656 382 Addenda
682 317 718 378 et
741 303 975 406 Corrigenda.

269 517 327 596 21)
359 513 433 582 Par.
456 513 485 578 εἰ
503 508 608 595 φεύγει
627 525 669 562 -·-
692 512 728 579 σι’
747 512 779 576 δε
801 511 887 600 δῶρα
907 508 1050 595 μηδεκει’
1073 509 1150 586 ἄλλα
1174 507 1289 598 (nune

187 617 283 688 nobis
306 613 382 684 otro
401 613 507 702 magis
521 611 657 694 arridet)
679 649 719 664 -
742 614 808 680 aide
822 639 864 696 μη
886 649 927 664 -··
948 611 1075 696 φιλήσει
1095 613 1185 680 aius
1209 615 1289 679 ἐθί-

188 729 265 798 tore.
282 719 356 786 ἐλθέ
364 741 419 799 μοι
433 757 474 772 ·-
495 713 630 802 χαλεπᾶν
651 755 692 770 -·-
713 717 862 799 μέριμναν
883 715 946 782 ὅσα
967 716 1003 780 δέ
1022 741 1077 798 μοι
1095 717 1224 784 τελέσαι
1243 751 1287 764 -

188 824 285 908 tps'pss
303 825 447 886 σελεσσσν
468 817 540 883 συδ’
564 813 641 882 wari
663 816 835 904 σύμμαχος.

337 919 382 1056 g'z
416 919 564 1004 (Lacuna
594 920 721 990 dimidii
749 943 890 1008 versus,
934 921 1019 990 illud
1047 921 1183 1013 signum
1211 945 1286 990 sae·

518 1022 595 1114 pius
616 1023 653 1090 in
674 1023 813 1105 codice).

134 1177 143 1184 -
188 1133 298 1217 Quum
319 1128 395 1196 ἔσσο
417 1149 484 1194 non
503 1126 614 1194 minus
635 1125 670 1192 in
691 1126 816 1194 Aldina
838 1123 947 1209 daait,
982 1125 1145 1217 suspicio,
1181 1149 1283 1218 quan

186 1235 227 1302 eis
248 1236 308 1300 bac
330 1231 435 1300 forma
458 1227 690 1318 concepimus,
719 1229 904 1296 confirmari
925 1227 1067 1298 videtur.
1122 1231 1282 1296 Attamen

186 1348 261 1430 post
281 1357 319 1399 ea
341 1356 424 1422 quae
446 1331 675 1420 congessimus
698 1331 738 1396 L.
763 1331 808 1396 11.
832 1333 864 1415 ᾗ.
882 1329 925 1397 40
946 1342 980 1398 et
1001 1331 1037 1396 in
1059 1331 1216 1398 addend.
1241 1332 1283 1396 ad

185 1439 220 1502 b.
243 1435 293 1520 1.,
325 1433 434 1501 minus
455 1433 611 1500 audemus
634 1458 705 1500 eam
726 1431 767 1498 ab
789 1431 927 1500 Aeolica
950 1431 1091 1499 dialecto
1113 1433 1283 1522 abjudica-

185 1563 234 1606 re.
279 1537 404 1604 Eadem
426 1536 608 1615 sententia,
631 1559 729 1628 quam
750 1533 936 1619 voluimus,
958 1533 1123 1626 prodibit,
1154 1535 1185 1601 si
1207 1559 1282 1601 cam

187 1639 284 1707 codd.
307 1639 399 1708 Mon.
424 1651 457 1704 et
476 1645 509 1705 A
536 1637 616 1716 (ubi
638 1635 735 1716 αὑτᾶ)
766 1635 940 1730 scripseris
964 1635 1001 1702 σύ
1024 1635 1057 1701 δ’
1079 1637 1157 1719 airu
1181 1637 1224 1716 (i.
1247 1661 1278 1702 e.

189 1745 299 1833 σαυτῇ)
324 1741 483 1828 σύμμαχος
503 1739 602 1822 ἕσσο,
645 1739 675 1806 si
696 1739 772 1830 quis
793 1739 965 1806 nobiscum
986 1737 1129 1832 aliquam
1152 1739 1282 1805 dubita·

187 1845 310 1916 tioneua
340 1843 381 1910 de
409 1842 593 1934 imperativi
620 1841 696 1908 iuro
725 1841 916 1932 antiquitate
945 1841 1138 1926 retinuerit,
1174 1841 1284 1931 possit

188 1949 285 2015 etiam
308 1943 383 2012 ἴσθι
403 1946 587 2036 suspicari,
618 1969 702 2040 quae
722 1943 951 2036 antiquissima
971 1943 1154 2034 imperativi
1176 1944 1281 2010 forma

189 2072 230 2117 ex
250 2049 414 2144 Hecataeo
435 2049 567 2114 affertur
587 2047 623 2112 in
646 2047 797 2113 Anecdd.
823 2045 910 2112 (ixx.
934 2045 972 2129 Ι,
995 2046 1076 2132 2117,
1098 2045 1152 2114 21.

271 2151 332 2216 Fr.
351 2151 384 2216 2.
429 2149 492 2214 Vs.
516 2151 547 2214 3.
582 2151 714 2214 πλασίσν
734 2149 770 2214 ἱιι
793 2147 879 2213 Mori
902 2145 1059 2237 Longino
1088 2149 1161 2213 sine
1188 2147 1283 2212 varia
1375 2207 1376 2222 ,

187 2250 328 2319 lectione
355 2249 511 2341 scripturn
540 2259 638 2315 extat.
726 2251 760 2330 5)
792 2248 919 2338 Optimi
946 2249 1027 2316 libri
1053 2247 1085 2314 ai
1114 2247 1155 2330 μὴ
1187 2247 1280 2330 ipris,

188 2352 277 2418 unde
304 2349 340 2417 τὰ
368 2349 405 2430 δὴ
435 2349 509 2434 ipos
537 2350 736 2418 eliciendum
763 2351 965 2418 censuimus.
1052 2351 1085 2424 8)
1114 2351 1214 2418 Libri
1236 2350 1282 2416 ἔτ’

189 2456 285 2538 εἴκει,
328 2453 418 2544 qnod
451 2453 658 2520 retinendum
700 2475 773 2518 asse
810 2454 941 2520 videtur
976 2454 1046 2520 rid.
1079 2453 1112 2538 5.
1135 2453 1222 2538 4,7
1251 2465 1285 2519 et

188 2556 301 2624 L.11.
331 2559 364 2641 ᾗ.
387 2557 431 2624 42
452 2579 480 2622 s.
504 2581 536 2623 v.
560 2565 629 2622 ἵκω.
715 2553 770 2635 13)
803 2553 854 2620 Eo
873 2555 1094 2640 inclinamus,
1128 2566 1166 2620 nt
1187 2557 1285 2620 saoce·

188 2657 226 2741 μ’
244 2659 358 2742 tepore,
382 2681 449 2750 qno
470 2659 594 2724 ducunt
615 2657 763 2746 Longini
783 2655 879 2742 libri,
904 2663 1082 2749 genuinam
1104 2657 1281 2724 lectionem

189 2783 264 2828 ease
278 2771 331 2845 et,
354 2773 527 2851 postquam
548 2770 673 2826 mature
693 2761 729 2825 in
752 2759 868 2842 ooe'p’
889 2763 984 2846 ἴόρως
1006 2773 1158 2851 corrupta
1180 2771 1279 2845 esset,

189 2863 257 2930 vid.
280 2866 314 2947 δ.
330 2863 384 2928 21.
410 2873 478 2930 not.
494 2863 556 2946 11,
589 2861 777 2951 opinionem
799 2861 839 2928 de
861 2863 952 2930 vocis
976 2864 1072 2949 ἱδρώς
1092 2887 1215 2954 genere
1235 2865 1282 2930 ie·

143 2963 422 3052 1=raiainoapud
443 2963 567 3030 Aeoles
588 2975 696 3031 natam
717 2965 952 3032 existimemus.
1015 2966 1154 3033 Cautius
1174 2979 1281 3032 mnan

190 3077 289 3158 aget,
319 3063 377 3156 qni
399 3066 420 3128 ἅ
440 3065 477 3128 δι’
493 3064 677 3132 retinuerit.
744 3065 799 3146 15)
833 3065 972 3134 Meliore
992 3067 1151 3135 librorum
1173 3079 1283 3134 aucto-

189 3169 285 3250 ritate
313 3165 496 3234 infinitivus
525 3167 707 3258 praesentis
726 3167 863 3247 ’πιδεύην
884 3171 1150 3253 commendatur,
1183 3194 1285 3262 quem

190 3295 302 3340 serum
324 3293 509 3337 censemus.
595 3270 650 3354 16)
684 3270 770 3338 Cum
791 3269 934 3361 Bergkio
957 3271 1035 3338 sitta
1058 3273 1234 3338 scribimus
1257 3273 1283 3338 i.

191 3399 222 3442 e.
245 3371 318 3453 ἤλεή
353 3372 421 3440 vid.
457 3369 489 3464 ἓ.
512 3373 558 3458 8,
579 3373 624 3460 8,
666 3397 769 3464 eaque
789 3397 870 3440 voce
899 3376 1065 3465 stropham
1087 3372 1284 3442 claudi-m.

190 3475 334 3566 Reliqua
363 3479 426 3540 πᾶν
448 3474 597 3558 coturnis
624 3478 690 3541 ἐπεὶ
717 3477 794 3559 [καὶ]
823 3477 936 3555 πένητα
965 3501 1037 3542 curu
1067 3475 1286 3566 sequentibus

190 3577 339 3667 Longini
361 3577 469 3643 verbis
496 3576 533 3644 οὑ
554 3577 726 3659 θαυμάζεις
748 3589 810 3644 etc.
840 3577 875 3644 in
904 3579 990 3644 bunc
1016 3578 1148 3646 modum
1173 3601 1287 3643 emen·

192 3679 265 3746 dam
293 3679 544 3768 conjungimusa
578 3683 641 3746 πᾶν
670 3678 705 3744 τὸ
728 3678 880 3762 ᾀσμάτων
901 3681 944 3756 ὥς
965 3680 1039 3756 ἔπος
1067 3682 1160 3745 εἰπεῖν
1189 3717 1232 3730 -
1262 3673 1287 3757 ἦ

191 3781 252 3868 γὰρ
281 3779 339 3858 οὐ,
377 3819 411 3832 ·—
448 3780 621 3862 θαυμάζεις
647 3783 690 3857 ὥς
715 3780 773 3846 ὑπ’
797 3781 871 3850 αὐτό
902 3789 966 3848 κτλ.
1025 3781 1075 3854 Et
1092 3781 1244 3864 ᾀσμάτων
1264 3805 1285 3846 ι

191 3883 289 3951 nobis
311 3895 478 3972 acceptum
501 3883 664 3972 Bergirius
687 3883 845 3973 probavit.

276 3987 337 4053 Fr.
360 3985 392 4052 8.
438 3985 477 4050 ln
499 3987 587 4052 bunc
607 3985 738 4052 modum
759 3987 920 4074 refingsre
942 3986 1015 4054 ausi
1037 4009 1174 4054 somnne

335 4089 480 4168 ”Aorapsc
504 4087 549 4151 δι’
572 4087 721 4173 oipyupa'us
743 4087 872 4154 σελάνσν

343 4189 389 4270 ἂψ
412 4187 638 4273 &conprimens
660 4189 792 4272 φάεννσν
813 4190 894 4266 eicior
