2866 4766
220 365 296 446 358
472 361 505 454 0.
532 361 592 440 43.
646 363 703 436 Do
728 355 1068 458 praepositionibus.

116 651 117 656 ἵ
222 593 264 635 cx
284 564 419 656 antiqua
438 561 645 654 Delphorum
664 563 781 654 lingua
802 563 1052 658 assumpserint.
1102 563 1258 631 Attamen
1294 564 1337 630 isa

221 669 337 736 eodem
365 667 645 758 Amphictyonum
675 667 805 736 decreto
832 669 858 736 l.
888 669 930 736 18
959 669 1105 754 ospri‘siss
1134 679 1223 736 recte
1252 667 1336 759 legi
1397 699 1398 728 r

219 772 360 840 videtur.

305 869 344 959 4)
386 871 509 940 Dorica
538 871 791 964 praepositionis
820 871 902 958 πρός
931 875 1036 941 forma
1065 884 1116 940 est
1143 875 1236 940 nori
1267 884 1335 939 ant

221 999 281 1068 per
302 997 470 1065 apocopen
491 975 551 1041 ndo
565 980 592 1058 ⁴)
620 975 687 1042 vid.
712 999 822 1066 supra.
877 979 1000 1059 Προτί,
1034 976 1124 1066 qnod
1145 975 1335 1066 aliquoties

220 1077 381 1144 Doricum
404 1100 479 1144 esse
502 1077 641 1162 dicitur,
664 1090 701 1143 nt
721 1078 763 1145 ab
776 1076 959 1168 Apollonio
974 1079 1015 1145 ds
1031 1091 1118 1169 synt.
1141 1101 1176 1167 p.
1191 1079 1246 1156 50,
1268 1077 1333 1162 23,

221 1179 258 1246 in
285 1179 478 1270 purior-ilaus
507 1179 644 1247 Doridis
673 1179 822 1245 lontibus
853 1203 920 1246 non
947 1180 1091 1270 legitur3
1127 1181 1335 1246 Alcmanem

221 1281 311 1349 enim
341 1284 384 1348 fr.
407 1281 450 1350 35
472 1283 542 1366 (78)
572 1281 697 1373 epicam
727 1281 904 1348 dialectum
933 1281 1096 1349 imitatum
1125 1282 1330 1349 credideris.

220 1383 299 1450 Alia
320 1395 429 1451 tamen
450 1386 555 1452 forma
576 1409 595 1451 e
619 1385 714 1469 προτί
726 1407 787 1474 per
800 1385 1091 1474 transpositionem
1106 1395 1181 1451 nata
1202 1388 1335 1469 rapat

222 1497 273 1552 est
305 1487 341 1553 in
371 1487 513 1554 Creticis
542 1487 651 1554 titulis
680 1485 776 1554 3048.
809 1486 906 1554 3050.
937 1487 1033 1555 3051.
1064 1487 1170 1572 3053,
1203 1499 1237 1554 et
1265 1511 1332 1578 per

221 1588 394 1656 elisionem
415 1587 509 1674 nopa’
530 1589 616 1658 3050
637 1589 725 1674 (acal
745 1600 795 1655 est
814 1613 868 1655 nr.
891 1588 990 1658 2557.
1013 1589 1109 1658 3047.
1133 1590 1238 1672 3051,
1269 1590 1332 1656 laic

220 1691 361 1759 sonasse
382 1693 467 1760 male
488 1717 548 1784 pro
569 1695 686 1778 πορτὶ).
730 1691 853 1758 Mirum
875 1689 1026 1778 videtur,
1049 1691 1146 1782 'quod
1168 1691 1205 1757 in
1224 1691 1328 1758 titulo

220 1815 273 1859 nr.
295 1792 382 1862 2556
409 1794 491 1863 satis
519 1819 622 1886 purae
650 1794 784 1862 dialecti
812 1795 848 1860 in
877 1793 1031 1878 πρόςτιμα
1057 1792 1321 1884 l.81vulgaris

219 1895 477 1986 praepositionis
499 1899 604 1966 forma
625 1896 840 1987 conspicitur.
885 1896 969 1963 Nam
992 1896 1028 1962 in
1050 1921 1103 1962 nr.
1125 1895 1325 1966 25512557

221 1997 323 2081 πρός,
357 2000 445 2088 qnod
474 2009 507 2067 et
534 2024 594 2090 per
627 2021 662 2066 se
689 2009 724 2064 et
749 1997 785 2063 in
815 1997 1006 2088 compositis
1029 1997 1162 2089 saepius
1182 1997 1326 2087 legitur,

220 2099 275 2165 rel
294 2097 448 2188 lapicidis
468 2101 522 2168 vel
544 2101 588 2168 iis
610 2099 669 2190 qui
689 2097 823 2166 titulum
844 2100 1050 2167 tradiderunt
1069 2100 1173 2166 tribui
1197 2113 1325 2190 potest.

223 2198 376 2266 Ceterum
398 2224 482 2292 quae
505 2201 549 2269 sit
569 2199 799 2292 antiquissima
820 2201 921 2288 lmjus
939 2201 1196 2294 praepositionis
1217 2204 1328 2270 ior-raa

222 2298 428 2368 Senseritum
448 2303 561 2392 prati
584 2303 691 2370 docet.

307 2403 342 2486 5)
383 2403 452 2472 'Ea
478 2407 515 2474 in
542 2406 650 2473 titulis
679 2407 793 2497 paullo
824 2405 1069 2498 antiquioribus
1101 2417 1176 2474 ante
1195 2405 1328 2476 medias

221 2505 257 2571 in
280 2507 313 2591 ἐγ
333 2509 472 2576 transire
492 2511 596 2596 solet,
620 2519 656 2575 nt
676 2508 906 2593 ἰγδικάξασθαι
926 2507 1060 2575 Heracl.
1069 2557 1082 2588 ,
1106 2511 1140 2594 ἐν
1158 2515 1329 2597 Βακχιδῶν

223 2607 326 2694 1850,
359 2609 396 2675 id
427 2611 516 2704 quod
548 2611 584 2678 in
614 2609 738 2678 Atticis
771 2633 902 2701 quoquc
930 2610 1037 2676 titulis
1067 2610 1142 2677 lieri
1170 2623 1326 2708 constat3

221 2709 300 2776 item
321 2722 397 2779 ante
420 2713 582 2802 digamma
603 2713 639 2780 in
662 2715 892 2798 ἰγΐηληθίωπι
913 2711 1046 2780 Heracl.
1071 2713 1107 2793 l,
1131 2714 1209 2782 101.
1255 2715 1327 2782 Ra·

221 2811 291 2877 rior
311 2824 363 2878 est
384 2835 548 2882 consonae
569 2815 606 2880 ia
627 2815 800 2905 aspiratam
821 2816 979 2899 mutatio,
1012 2837 1111 2904 qnam
1132 2816 1326 2884 Boeckhius

221 2913 258 2976 in
278 2913 453 2998 ὖπέχθηται
474 2926 508 2981 et
527 2915 737 3001 ὖπεχθέσιμος
760 2915 850 2981 Cret.
872 2915 958 2986 2556
986 2930 1075 2984 recte
1095 2919 1233 3008 agnovit
1255 2919 1326 2988 Hs·

222 3013 395 3101 syclrianas
414 3015 571 3104 quasdam
593 3015 720 3105 glossas
741 3037 955 3108 comparans=
978 3019 1160 3105 ἕχθειάσας,
1185 3022 1326 3106 ἰχθὺσαι

222 3127 255 3180 ct
276 3114 429 3206 ἕχθύσσῃ.
453 3155 495 3168 --
532 3117 699 3184 Creticum
720 3129 889 3208 praeterea
910 3123 1092 3188 secandum
1113 3122 1323 3212 Hesychinm

222 3216 423 3284 εε1ἔλλυσιν
452 3243 512 3310 pro
541 3219 664 3285 ἔκλυσιν
689 3243 750 3310 per
778 3243 896 3288 nouam
921 3224 1085 3315 quandam
1106 3225 1323 3293 assimilatio-

221 3343 308 3386 nem.
354 3319 515 3412 Compara
536 3322 622 3412 apnd
644 3321 785 3389 cundem
806 3325 942 3403 tuoto,
966 3327 1001 3390 ἐκ
1021 3329 1094 3390 τῶν.

305 3424 341 3502 6)
382 3423 643 3514 Praepositionis
665 3429 709 3502 εἰς
730 3425 959 3516 antiquissima
979 3427 1084 3494 ior-nra
1105 3429 1170 3503 r’sc
1193 3427 1238 3493 als
1256 3429 1321 3495 Ar·

222 3523 309 3614 giris
337 3537 370 3591 et
402 3525 618 3594 Cretensibus
648 3539 773 3596 servata
801 3527 907 3595 laissa
934 3529 1096 3615 traditur,
1129 3553 1320 3620 quanquam

254 3731 283 3796 l)
317 3731 446 3786 Eustatlt.
465 3735 543 3798 1100,
561 3735 605 3788 20.
639 3731 704 3802 ridi
720 3736 784 3788 asoti
799 3735 927 3807 πρόθεσις
945 3764 978 3776 ·-
996 3737 1041 3790 aad
1058 3733 1206 3805 dascusa
1221 3736 1256 3794 τὸ
1271 3739 1319 3806 τῆς

219 3814 376 3876 insarciaruc
391 3815 458 3870 idco
473 3820 611 3890 Aupasaic,
638 3817 672 3879 aia
688 3820 715 3872 is
731 3825 768 3889 τῷ
785 3824 922 3878 ποταίνιον
938 3821 970 3876 τὸ
987 3821 1139 3895 πρόςωπον
1162 3851 1197 3866 -
1223 3824 1271 3878 nt
1290 3825 1318 3878 is

218 3898 257 3970 τῷ
273 3899 387 3972 norm,
412 3901 478 3978 ὅπερ
495 3906 547 3958 ἐστὶ
564 3905 678 3980 πρόςαγε
696 3910 740 3962 aci
760 3910 786 3962 ts
802 3914 839 3980 τῷ
856 3915 986 3964 nordana
1006 3911 1077 3980 (leg.
1094 3909 1232 3978 ndum)
1256 3909 1317 3982 ἤϊα

219 3985 357 4062 πρόςωπον
381 3989 449 4042 sosoi
475 3993 596 4064 Aspasia·
622 3996 660 4046 lta
682 3997 709 4048 di
731 3999 776 4050 aci
798 3997 999 4064 uorocuilrissoc
1022 3995 1155 4069 lsoipssca
1178 3995 1315 4060 rossano

218 4075 395 4143 tnayootvov,
415 4073 448 4136 air
465 4075 492 4128 iv
508 4081 545 4146 τῷ
562 4077 616 4132 πὸτ
632 4083 670 4148 τῷ
686 4081 749 4142 Διός
768 4110 800 4124 ·-
818 4079 834 4136 3
853 4086 897 4136 acl
914 4082 981 4138 oded
998 4083 1112 4154 γλώσσης
1120 4085 1237 4156 Δωρίδος
1253 4085 1313 4139 lari.

218 4191 251 4205 -
288 4162 424 4217 Doricum
449 4165 511 4217 nori
535 4179 765 4246 commemoratur
786 4172 861 4229 Anu.
886 4171 963 4225 Oxx.
989 4171 1021 4240 1,
1039 4173 1109 4240 sal,
1128 4171 1180 4234 22.
1205 4171 1253 4228 iit.
1270 4171 1311 4224 11.

216 4249 284 4316 585,
303 4251 352 4317 ll,
378 4251 423 4307 lit.
445 4249 481 4308 G.
496 4251 558 4322 477,
576 4253 611 4310 32
628 4263 684 4310 etc.
