2866 4766
423 375 542 470 §Ill
594 379 652 453 De
674 376 788 454 verbo
813 381 888 473 σ’μί.
1126 381 1203 460 325
1291 313 1308 334 ·

106 578 140 662 ξ.
163 577 226 660 26,
247 579 290 663 2,
324 601 432 669 neque
460 579 551 644 Ioula
579 603 656 647 vere
677 579 800 650 Dorica
820 607 893 650 esse
914 597 1076 675 possunt,
1104 589 1162 654 sed
1183 615 1203 657 a

105 679 281 772 participio
309 678 431 758 ἔστ-σς
459 681 535 747 Itali
563 683 803 750 substantivum
832 687 914 751 ivelc
936 687 1082 755 derIvare
1103 689 1201 759 dobe-

103 781 197 848 bant.
252 781 400 872 Utraque
428 795 537 850 tamen
566 809 630 850 vox
659 784 885 876 philosophica
913 811 1011 880 aegre
1041 790 1082 856 ad
1103 792 1200 860 aliam

103 885 280 950 dialectum
301 895 472 952 revocatur
487 897 710 976 praeterquam
728 887 768 954 ad
785 889 1095 972 Italico-Doricam,
1118 917 1202 984 quae

104 985 187 1051 niolo
208 1009 248 1054 eo
270 987 380 1052 minus
402 987 525 1076 lingere
546 999 689 1077 poterat,
722 991 810 1080 qnod
831 992 996 1083 participii
1018 995 1121 1060 lorma
1143 995 1199 1076 ὤν,

103 1089 132 1153 l'.
156 1079 237 1153 odom
268 1089 323 1154 vel
345 1083 415 1154 ὦσα
435 1089 477 1154 ala
497 1090 683 1182 antiquiore
704 1089 833 1158 Doride
854 1093 961 1160 alicua
981 1106 1041 1160 est.
1087 1097 1201 1188 Itaque

101 1189 305 1280 putaverim,
337 1191 563 1282 Pythagoreos
585 1217 697 1259 vocem
719 1192 832 1273 oriola,
867 1219 964 1286 quam
985 1196 1109 1263 Ionicis
1129 1199 1201 1288 plri-

102 1293 254 1382 Insoplis
287 1306 452 1384 acceptam
475 1295 659 1380 dehebant,
692 1295 802 1361 miuus
835 1307 923 1362 recte
944 1296 1068 1364 Dorica
1092 1303 1202 1389 specis

104 1395 226 1462 donare
258 1397 425 1462 studuisse
455 1407 512 1463 ant
531 1397 657 1464 leviore
678 1399 858 1464 mutatione
881 1397 962 1464 αἰσία
982 1401 1200 1490 proici-entes,

102 1509 182 1582 aut,
203 1497 451 1590 participiorum
474 1494 554 1565 οὖσα
575 1511 608 1566 ct
629 1499 709 1566 ἕσσα
729 1501 881 1588 analogia
900 1501 1073 1593 deceptos,
1095 1503 1200 1568 ἔσσία.

188 1651 304 1719 Altera
325 1651 479 1718 feminini
501 1653 604 1720 forma
623 1653 1004 1744 Pseudo-Pythagoreis
1024 1653 1202 1744 pecoliaris

100 1767 151 1822 cst
173 1757 292 1832 ἐοῖσα,
327 1779 410 1846 quac
433 1757 555 1844 legitur
575 1755 665 1822 Tim.
688 1756 787 1822 Locr.
818 1781 853 1846 p.
876 1755 931 1824 96.
955 1755 999 1821 Α.
1023 1755 1083 1826 D..
1103 1755 1149 1843 (v.
1174 1757 1198 1823 Ι.

100 1860 222 1944 ἐᾶσσα,
246 1859 385 1939 ἰοῦσα),
411 1858 465 1925 97.
492 1859 519 1926 C
545 1859 591 1942 (v.
615 1859 640 1926 l.
664 1857 795 1936 ἔσσαν),
825 1859 879 1925 98.
902 1859 936 1924 Α
967 1864 1012 1937 (v.
1035 1858 1061 1924 l.
1085 1859 1198 1937 e’ciooo,

100 1961 213 2039 ἰοῦσα)
241 1959 444 2025 restituenda
473 1973 522 2025 est
551 1958 645 2027 Stoh.
677 1959 877 2044 F1.1‚ot,
912 1959 971 2026 obi
993 1959 1201 2028 Gaisl'ordina

100 2087 119 2129 c
143 2061 332 2148 conjectura
354 2063 444 2126 ἐοῖσα
466 2063 574 2146 dedit,
599 2086 699 2152 quum
720 2061 821 2152 vulgo
843 2063 962 2141 ἐοῦσα,
982 2062 1017 2127 in
1038 2063 1083 2128 A.
1107 2061 1200 2142 ἔασα,

103 2165 140 2230 in
173 2163 291 2232 Trinc.
325 2165 418 2228 ἐᾶσαι
447 2165 597 2254 legatur3
629 2163 800 2250 XLVIII,
830 2163 872 2231 63
903 2189 938 2254 p.
961 2165 1044 2250 334,
1068 2166 1110 2250 3,
1142 2165 1202 2232 nbi

103 2265 211 2334 Gaisl'.
236 2267 450 2358 provulgata
472 2269 552 2334 ε’ἅσσ
575 2291 593 2333 e
615 2267 644 2332 B
668 2269 787 2353 ἰοῦσα,
809 2265 979 2346 XLVIII,
1002 2267 1046 2334 64
1065 2292 1099 2358 p.
1123 2267 1199 2352 333,

103 2369 145 2436 17
167 2379 200 2435 et
220 2368 262 2436 65
283 2367 381 2450 iuit.‚
412 2369 470 2434 ubi
494 2370 600 2436 Gaisl.
625 2369 732 2444 e‘oa'ooc
754 2395 772 2435 o
795 2369 883 2456 conj.
906 2393 967 2459 pro
990 2367 1080 2458 vulg.
1104 2367 1202 2446 ἐάσας

102 2481 136 2537 et
158 2469 260 2546 ἶώσας
281 2471 317 2536 in
339 2471 412 2536 cod.
436 2471 486 2557 133
509 2471 609 2552 CIII,
631 2471 673 2538 27
694 2495 728 2559 p.
748 2469 823 2554 557,
845 2469 906 2553 23,
929 2469 988 2536 ubi
1010 2469 1116 2536 Gaisl.
1138 2493 1200 2560 pro

99 2573 194 2664 vulg.
218 2573 312 2638 ἐάσαι
341 2584 373 2638 ct
403 2572 569 2648 iariooc'in
593 2571 667 2637 cod.
690 2571 732 2636 Β.
755 2595 773 2636 c
795 2571 883 2658 conj.
908 2572 1015 2645 e’or'ooc
1044 2569 1125 2662 (leg.
1149 2571 1200 2635 ἐά-

102 2681 196 2762 σας),
228 2675 384 2766 Append.
417 2696 450 2764 p.
475 2675 518 2742 46
546 2673 603 2740 ubi
625 2673 732 2742 Gaisl'.
763 2671 860 2737 ἕσσαν
880 2673 916 2738 in
938 2673 1045 2738 ἰσῐσαν
1066 2673 1201 2738 mutavit

101 2820 144 2833 -
166 2791 330 2870 postremo
353 2775 451 2854 ἐάσας
473 2789 524 2843 cst
545 2776 632 2868 apud
647 2775 820 2852 Ocellum,
846 2773 926 2840 ἔσσα
946 2773 1032 2864 apud
1053 2774 1200 2840 Aristae-

100 2906 197 2948 onem
221 2879 314 2947 Stob.
338 2879 413 2946 Ecl.
437 2905 470 2970 p.
494 2881 577 2964 428,
608 2879 709 2946 iason
732 2873 844 2964 (Cant.
867 2875 985 2956 σ’ἄσσα)
1008 2875 1093 2968 apud
1116 2875 1200 2942 Are·

102 3009 172 3051 saur
185 2983 266 3048 ibid.
278 3009 310 3073 p.
324 2983 399 3050 856.
432 2981 537 3050 Vides
558 2981 710 3048 feminini
731 2982 812 3044 ἕᾶσα
834 3004 930 3046 nsum
952 2978 1039 3070 apud
1054 2977 1200 3044 Pseudo-

100 3087 329 3176 Pythagoreos
352 3085 432 3152 satis
455 3096 588 3160 certum,
602 3108 687 3152 esse.
720 3081 837 3173 Neque
859 3093 909 3148 est
929 3105 988 3148 cur
1009 3105 1083 3147 eum
1105 3105 1123 3146 c
1145 3103 1202 3170 ge·

102 3189 206 3254 noina
221 3187 422 3254 Italiotarum
439 3187 564 3255 Doride
587 3189 814 3278 depromptum
835 3209 1006 3274 negemus.
1034 3183 1202 3249 Videntur

101 3291 190 3357 enim
213 3289 265 3356 illi
286 3291 438 3356 feminini
458 3292 593 3356 l'ormam
621 3283 705 3369 ἤσα,
739 3312 885 3378 quamn
914 3286 1016 3375 stirpe
1046 3309 1096 3349 ava
1124 3283 1200 3349 reli·

101 3417 242 3485 quorum
265 3392 511 3483 participiorum
532 3391 683 3481 analogia
699 3390 898 3480 postulabat,
920 3386 988 3454 vid.
1009 3385 1042 3468 ξ.
1053 3385 1109 3469 26,
1120 3387 1153 3451 2.
1168 3409 1200 3466 c,

100 3507 141 3562 ut
159 3496 272 3561 miuus
294 3519 425 3564 suavem
447 3493 573 3584 duplici
594 3495 721 3560 rationo
742 3493 901 3574 evitasse,
936 3499 991 3552 ant
1012 3512 1082 3555 eam
1103 3485 1201 3552 ratio·

101 3622 178 3664 nem
200 3597 389 3689 sequendo,
422 3620 505 3688 quac
528 3607 579 3662 est
600 3597 635 3661 iu
656 3593 828 3682 adjectivis
850 3593 1005 3678 χαρίεσσα
1026 3599 1111 3666 etc„
1143 3597 1200 3654 aut

103 3701 251 3768 vocalem
274 3699 464 3780 inferendo,
494 3709 531 3764 ut
560 3698 597 3764 lit
618 3698 652 3762 in
676 3697 769 3762 tertia
789 3695 910 3784 plurali
932 3691 1003 3756 ἔασι
1024 3691 1109 3782 apud
1133 3691 1200 3779 epi·

102 3827 173 3872 ooo.
216 3800 321 3876 Nullo
343 3801 439 3868 modo
460 3799 561 3866 i'nooa
584 3799 734 3866 excusari
754 3807 886 3888 posset3
909 3796 970 3862 hoc
992 3791 1129 3860 dubium
1152 3817 1201 3880 ro·

102 3905 311 3996 linquimus,
336 3914 444 3970 uuum
467 3906 547 3968 ἐᾶσα
567 3925 608 3968 au
630 3899 711 3968 ἕσσα
730 3899 974 3991 pronuntiatum
998 3897 1051 3964 sit.

259 4031 555 4100 Praeteritum.

192 4163 311 4249 Siag.
337 4161 368 4226 1.
414 4154 459 4237 ἦν
481 4157 601 4249 Epich.
627 4159 700 4226 124.

331 4265 364 4330 2.
410 4255 498 4342 ἧσσα
522 4259 664 4329 Theocr.
688 4259 733 4346 V,
756 4259 809 4328 79.
842 4257 895 4344 Χ,
916 4259 971 4327 23.
