<?xml version="1.0" encoding="UTF-8"?>
<!DOCTYPE html PUBLIC "-//W3C//DTD XHTML 1.0 Transitional//EN"
    "http://www.w3.org/TR/xhtml1/DTD/xhtml1-transitional.dtd">
<html xmlns="http://www.w3.org/1999/xhtml" xml:lang="en" lang="en">
 <head>
  <title>
</title>
<meta http-equiv="Content-Type" content="text/html;charset=utf-8" />
  <meta name='ocr-system' content='tesseract 3.04.00' />
  <meta name='ocr-capabilities' content='ocr_page ocr_carea ocr_par ocr_line ocrx_word'/>
</head>
<body>
  <div class='ocr_page' id='page_1' title='image "./degraccaelingua01ahregoog_0015.png"; bbox 0 0 2742 4794; ppageno 0'>
   <div class='ocr_carea' id='block_1_1' title="bbox 182 325 283 422">
    <p class='ocr_par' dir='ltr' id='par_1_1' title="bbox 182 325 283 422">
     <span class='ocr_line' id='line_1_1' title="bbox 182 325 283 422; baseline -0.04 -19"><span class='ocrx_word' id='word_1_1' title='bbox 182 325 283 422; x_wconf 16' lang='lat' dir='ltr'>un,</span> 
     </span>
    </p>
   </div>
   <div class='ocr_carea' id='block_1_2' title="bbox 160 530 1349 3939">
    <p class='ocr_par' dir='ltr' id='par_1_2' title="bbox 160 530 1349 3939">
     <span class='ocr_line' id='line_1_2' title="bbox 181 530 1274 624; baseline 0.001 -22"><span class='ocrx_word' id='word_1_2' title='bbox 181 554 245 602; x_wconf 85' lang='lat' dir='ltr'>uus</span> <span class='ocrx_word' id='word_1_3' title='bbox 274 541 401 598; x_wconf 78' lang='lat' dir='ltr'>nostros</span> <span class='ocrx_word' id='word_1_4' title='bbox 428 530 546 600; x_wconf 79' lang='lat' dir='ltr'>incidit</span> <span class='ocrx_word' id='word_1_5' title='bbox 565 531 829 624; x_wconf 76' lang='lat' dir='ltr'>Petropolitrnre</span> <span class='ocrx_word' id='word_1_6' title='bbox 849 531 1043 600; x_wconf 79' lang='lat' dir='ltr'>Acodemirc</span> <span class='ocrx_word' id='word_1_7' title='bbox 1075 535 1274 624; x_wconf 75' lang='lat' dir='ltr'>provocatio,</span> 
     </span>
     <span class='ocr_line' id='line_1_3' title="bbox 176 661 1304 764; baseline 0.004 -28"><span class='ocrx_word' id='word_1_8' title='bbox 176 695 246 763; x_wconf 76' lang='lat' dir='ltr'>qur</span> <span class='ocrx_word' id='word_1_9' title='bbox 266 661 412 738; x_wconf 78' lang='lat' dir='ltr'>omniurn</span> <span class='ocrx_word' id='word_1_10' title='bbox 439 681 596 738; x_wconf 78' lang='lat' dir='ltr'>terrarum</span> <span class='ocrx_word' id='word_1_11' title='bbox 617 671 705 738; x_wconf 87' lang='lat' dir='ltr'>docti</span> <span class='ocrx_word' id='word_1_12' title='bbox 725 669 788 737; x_wconf 84' lang='lat' dir='ltr'>viri</span> <span class='ocrx_word' id='word_1_13' title='bbox 809 670 906 740; x_wconf 82' lang='lat' dir='ltr'>exciti</span> <span class='ocrx_word' id='word_1_14' title='bbox 935 685 1029 758; x_wconf 88' lang='lat' dir='ltr'>sunt,</span> <span class='ocrx_word' id='word_1_15' title='bbox 1065 683 1102 738; x_wconf 86' lang='lat' dir='ltr'>ut</span> <span class='ocrx_word' id='word_1_16' title='bbox 1121 674 1220 764; x_wconf 90' lang='lat' dir='ltr'>pleno</span> <span class='ocrx_word' id='word_1_17' title='bbox 1241 687 1277 740; x_wconf 85' lang='lat' dir='ltr'>et</span> <span class='ocrx_word' id='word_1_18' title='bbox 1298 685 1304 698; x_wconf 92' lang='lat'>&#39;</span> 
     </span>
     <span class='ocr_line' id='line_1_4' title="bbox 182 809 1275 900; baseline 0.002 -24"><span class='ocrx_word' id='word_1_19' title='bbox 182 810 332 877; x_wconf 80' lang='lat' dir='ltr'>obsolute</span> <span class='ocrx_word' id='word_1_20' title='bbox 354 809 550 876; x_wconf 77' lang='lat' dir='ltr'>Graecorum</span> <span class='ocrx_word' id='word_1_21' title='bbox 573 809 783 876; x_wconf 86' lang='lat' dir='ltr'>diclcetornm</span> <span class='ocrx_word' id='word_1_22' title='bbox 804 833 938 900; x_wconf 87' lang='lat' dir='ltr'>corpore</span> <span class='ocrx_word' id='word_1_23' title='bbox 959 811 1107 878; x_wconf 84' lang='lat' dir='ltr'>coniecto</span> <span class='ocrx_word' id='word_1_24' title='bbox 1128 825 1161 881; x_wconf 87' lang='lat' dir='ltr'>et</span> <span class='ocrx_word' id='word_1_25' title='bbox 1191 814 1275 880; x_wconf 82' lang='lat' dir='ltr'>cuti·</span> 
     </span>
     <span class='ocr_line' id='line_1_5' title="bbox 181 944 1276 1042; baseline 0.002 -28"><span class='ocrx_word' id='word_1_26' title='bbox 181 949 357 1042; x_wconf 80' lang='lat' dir='ltr'>quissime</span> <span class='ocrx_word' id='word_1_27' title='bbox 379 947 523 1014; x_wconf 77' lang='lat' dir='ltr'>Graecae</span> <span class='ocrx_word' id='word_1_28' title='bbox 545 947 678 1038; x_wconf 74' lang='lat' dir='ltr'>linguae</span> <span class='ocrx_word' id='word_1_29' title='bbox 698 944 822 1011; x_wconf 79' lang='lat' dir='ltr'>ratione</span> <span class='ocrx_word' id='word_1_30' title='bbox 843 945 920 1010; x_wconf 93' lang='lat' dir='ltr'>inde</span> <span class='ocrx_word' id='word_1_31' title='bbox 940 947 1100 1015; x_wconf 75' lang='lat' dir='ltr'>illustrate</span> <span class='ocrx_word' id='word_1_32' title='bbox 1121 950 1162 1015; x_wconf 94' lang='lat' dir='ltr'>de</span> <span class='ocrx_word' id='word_1_33' title='bbox 1182 975 1276 1042; x_wconf 84' lang='lat' dir='ltr'>proe-</span> 
     </span>
     <span class='ocr_line' id='line_1_6' title="bbox 181 1083 1276 1178; baseline -0.001 -24"><span class='ocrx_word' id='word_1_34' title='bbox 181 1087 248 1154; x_wconf 86' lang='lat' dir='ltr'>mio</span> <span class='ocrx_word' id='word_1_35' title='bbox 280 1085 407 1178; x_wconf 75' lang='lat' dir='ltr'>insigni</span> <span class='ocrx_word' id='word_1_36' title='bbox 435 1083 656 1152; x_wconf 77' lang='lat' dir='ltr'>munificentie</span> <span class='ocrx_word' id='word_1_37' title='bbox 684 1083 852 1174; x_wconf 90' lang='lat' dir='ltr'>proposito</span> <span class='ocrx_word' id='word_1_38' title='bbox 881 1087 1051 1152; x_wconf 73' lang='lat' dir='ltr'>certarent.</span> <span class='ocrx_word' id='word_1_39' title='bbox 1117 1085 1276 1168; x_wconf 77' lang='lat' dir='ltr'>Quaestio</span> 
     </span>
     <span class='ocr_line' id='line_1_7' title="bbox 181 1222 1278 1320; baseline -0.005 -25"><span class='ocrx_word' id='word_1_40' title='bbox 181 1230 348 1320; x_wconf 81' lang='lat' dir='ltr'>proposito</span> <span class='ocrx_word' id='word_1_41' title='bbox 381 1227 426 1294; x_wconf 73' lang='lat' dir='ltr'>its</span> <span class='ocrx_word' id='word_1_42' title='bbox 456 1237 641 1292; x_wconf 88' lang='lat' dir='ltr'>nostrorum</span> <span class='ocrx_word' id='word_1_43' title='bbox 669 1223 850 1290; x_wconf 87' lang='lat' dir='ltr'>studiorum</span> <span class='ocrx_word' id='word_1_44' title='bbox 882 1222 1001 1288; x_wconf 77' lang='lat' dir='ltr'>rationi</span> <span class='ocrx_word' id='word_1_45' title='bbox 1028 1223 1198 1303; x_wconf 86' lang='lat' dir='ltr'>convenit,</span> <span class='ocrx_word' id='word_1_46' title='bbox 1239 1235 1278 1290; x_wconf 91' lang='lat' dir='ltr'>ut</span> 
     </span>
     <span class='ocr_line' id='line_1_8' title="bbox 180 1323 1277 1462; baseline -0.002 -28"><span class='ocrx_word' id='word_1_47' title='bbox 180 1369 286 1460; x_wconf 89' lang='lat' dir='ltr'>primo</span> <span class='ocrx_word' id='word_1_48' title='bbox 313 1365 575 1434; x_wconf 75' lang='lat' dir='ltr'>infelicissimum</span> <span class='ocrx_word' id='word_1_49' title='bbox 603 1387 713 1430; x_wconf 73' lang='lat' dir='ltr'>cesum</span> <span class='ocrx_word' id='word_1_50' title='bbox 735 1323 995 1462; x_wconf 62' lang='lat' dir='ltr'>insereremur,</span> <span class='ocrx_word' id='word_1_51' title='bbox 1028 1387 1094 1454; x_wconf 92' lang='lat' dir='ltr'>quo</span> <span class='ocrx_word' id='word_1_52' title='bbox 1121 1375 1195 1456; x_wconf 90' lang='lat' dir='ltr'>post</span> <span class='ocrx_word' id='word_1_53' title='bbox 1215 1389 1277 1432; x_wconf 84' lang='lat' dir='ltr'>on-</span> 
     </span>
     <span class='ocr_line' id='line_1_9' title="bbox 181 1471 1275 1596; baseline 0 -24"><span class='ocrx_word' id='word_1_54' title='bbox 181 1531 259 1572; x_wconf 87' lang='lat' dir='ltr'>num</span> <span class='ocrx_word' id='word_1_55' title='bbox 278 1507 406 1572; x_wconf 89' lang='lat' dir='ltr'>demum</span> <span class='ocrx_word' id='word_1_56' title='bbox 418 1516 566 1572; x_wconf 77' lang='lat' dir='ltr'>exectum</span> <span class='ocrx_word' id='word_1_57' title='bbox 579 1503 765 1596; x_wconf 82' lang='lat' dir='ltr'>provocatio</span> <span class='ocrx_word' id='word_1_58' title='bbox 778 1503 836 1570; x_wconf 83' lang='lat' dir='ltr'>illu</span> <span class='ocrx_word' id='word_1_59' title='bbox 853 1503 889 1568; x_wconf 92' lang='lat' dir='ltr'>in</span> <span class='ocrx_word' id='word_1_60' title='bbox 907 1503 1116 1570; x_wconf 78' lang='lat' dir='ltr'>solitudinem</span> <span class='ocrx_word' id='word_1_61' title='bbox 1127 1471 1275 1572; x_wconf 75' lang='lat' dir='ltr'>bostrum</span> 
     </span>
     <span class='ocr_line' id='line_1_10' title="bbox 181 1641 1276 1736; baseline -0.005 -23"><span class='ocrx_word' id='word_1_62' title='bbox 181 1645 363 1713; x_wconf 75' lang='lat' dir='ltr'>silvestrem</span> <span class='ocrx_word' id='word_1_63' title='bbox 392 1645 516 1736; x_wconf 77' lang='lat' dir='ltr'>perlato</span> <span class='ocrx_word' id='word_1_64' title='bbox 537 1655 606 1728; x_wconf 85' lang='lat' dir='ltr'>cst,</span> <span class='ocrx_word' id='word_1_65' title='bbox 638 1643 760 1734; x_wconf 89' lang='lat' dir='ltr'>qnippe</span> <span class='ocrx_word' id='word_1_66' title='bbox 782 1641 861 1734; x_wconf 89' lang='lat' dir='ltr'>qui,</span> <span class='ocrx_word' id='word_1_67' title='bbox 894 1665 994 1733; x_wconf 90' lang='lat' dir='ltr'>quum</span> <span class='ocrx_word' id='word_1_68' title='bbox 1021 1643 1057 1707; x_wconf 92' lang='lat' dir='ltr'>in</span> <span class='ocrx_word' id='word_1_69' title='bbox 1085 1641 1276 1732; x_wconf 70' lang='lat' dir='ltr'>gravissimo</span> 
     </span>
     <span class='ocr_line' id='line_1_11' title="bbox 181 1778 1349 1873; baseline 0 -25"><span class='ocrx_word' id='word_1_70' title='bbox 181 1780 289 1873; x_wconf 88' lang='lat' dir='ltr'>operis</span> <span class='ocrx_word' id='word_1_71' title='bbox 317 1791 407 1870; x_wconf 84' lang='lat' dir='ltr'>porte</span> <span class='ocrx_word' id='word_1_72' title='bbox 432 1782 502 1870; x_wconf 81' lang='lat' dir='ltr'>jem</span> <span class='ocrx_word' id='word_1_73' title='bbox 531 1779 588 1844; x_wconf 92' lang='lat' dir='ltr'>diu</span> <span class='ocrx_word' id='word_1_74' title='bbox 614 1779 732 1844; x_wconf 81' lang='lat' dir='ltr'>uersuti</span> <span class='ocrx_word' id='word_1_75' title='bbox 765 1801 930 1864; x_wconf 78' lang='lat' dir='ltr'>essemus,</span> <span class='ocrx_word' id='word_1_76' title='bbox 962 1778 1130 1870; x_wconf 79' lang='lat' dir='ltr'>plerisque</span> <span class='ocrx_word' id='word_1_77' title='bbox 1157 1780 1275 1848; x_wconf 90' lang='lat' dir='ltr'>melius</span> <span class='ocrx_word' id='word_1_78' title='bbox 1319 1811 1349 1840; x_wconf 82' lang='lat'>,·</span> 
     </span>
     <span class='ocr_line' id='line_1_12' title="bbox 181 1917 1276 2006; baseline 0.001 -21"><span class='ocrx_word' id='word_1_79' title='bbox 181 1919 331 1985; x_wconf 87' lang='lat' dir='ltr'>instructi</span> <span class='ocrx_word' id='word_1_80' title='bbox 359 1919 395 1984; x_wconf 92' lang='lat' dir='ltr'>in</span> <span class='ocrx_word' id='word_1_81' title='bbox 416 1943 546 1986; x_wconf 78' lang='lat' dir='ltr'>arenam</span> <span class='ocrx_word' id='word_1_82' title='bbox 566 1917 755 1984; x_wconf 84' lang='lat' dir='ltr'>descensuri</span> <span class='ocrx_word' id='word_1_83' title='bbox 778 1918 880 1984; x_wconf 80' lang='lat' dir='ltr'>inisse</span> <span class='ocrx_word' id='word_1_84' title='bbox 899 1917 1106 2004; x_wconf 76' lang='lat' dir='ltr'>vidercmnr3</span> <span class='ocrx_word' id='word_1_85' title='bbox 1143 1919 1276 2006; x_wconf 88' lang='lat' dir='ltr'>deinde,</span> 
     </span>
     <span class='ocr_line' id='line_1_13' title="bbox 181 2055 1275 2150; baseline 0.002 -25"><span class='ocrx_word' id='word_1_86' title='bbox 181 2057 290 2148; x_wconf 90' lang='lat' dir='ltr'>operis</span> <span class='ocrx_word' id='word_1_87' title='bbox 320 2080 429 2123; x_wconf 85' lang='lat' dir='ltr'>umore</span> <span class='ocrx_word' id='word_1_88' title='bbox 457 2055 553 2134; x_wconf 85' lang='lat' dir='ltr'>victi,</span> <span class='ocrx_word' id='word_1_89' title='bbox 594 2079 790 2147; x_wconf 80' lang='lat' dir='ltr'>quamquem</span> <span class='ocrx_word' id='word_1_90' title='bbox 818 2066 921 2124; x_wconf 87' lang='lat' dir='ltr'>totum</span> <span class='ocrx_word' id='word_1_91' title='bbox 949 2057 1061 2148; x_wconf 82' lang='lat' dir='ltr'>perlici</span> <span class='ocrx_word' id='word_1_92' title='bbox 1091 2083 1157 2125; x_wconf 92' lang='lat' dir='ltr'>nou</span> <span class='ocrx_word' id='word_1_93' title='bbox 1177 2085 1275 2150; x_wconf 87' lang='lat' dir='ltr'>posse</span> 
     </span>
     <span class='ocr_line' id='line_1_14' title="bbox 160 2187 1275 2289; baseline 0.004 -26"><span class='ocrx_word' id='word_1_94' title='bbox 160 2187 260 2264; x_wconf 81' lang='lat' dir='ltr'>¹sotis</span> <span class='ocrx_word' id='word_1_95' title='bbox 291 2197 439 2288; x_wconf 76' lang='lat' dir='ltr'>putebat,</span> <span class='ocrx_word' id='word_1_96' title='bbox 476 2193 712 2279; x_wconf 72' lang='lat' dir='ltr'>dubitavimus,</span> <span class='ocrx_word' id='word_1_97' title='bbox 747 2208 899 2284; x_wconf 83' lang='lat' dir='ltr'>possetne</span> <span class='ocrx_word' id='word_1_98' title='bbox 933 2193 1023 2280; x_wconf 84' lang='lat' dir='ltr'>lieri,</span> <span class='ocrx_word' id='word_1_99' title='bbox 1063 2208 1100 2263; x_wconf 83' lang='lat' dir='ltr'>nt</span> <span class='ocrx_word' id='word_1_100' title='bbox 1128 2199 1275 2289; x_wconf 78' lang='lat' dir='ltr'>graviore</span> 
     </span>
     <span class='ocr_line' id='line_1_15' title="bbox 179 2334 1276 2429; baseline 0.001 -25"><span class='ocrx_word' id='word_1_101' title='bbox 179 2346 271 2429; x_wconf 86' lang='lat' dir='ltr'>porte</span> <span class='ocrx_word' id='word_1_102' title='bbox 293 2337 441 2403; x_wconf 69' lang='lat' dir='ltr'>absoluti</span> <span class='ocrx_word' id='word_1_103' title='bbox 462 2334 605 2424; x_wconf 75' lang='lat' dir='ltr'>aliquem</span> <span class='ocrx_word' id='word_1_104' title='bbox 626 2334 755 2399; x_wconf 78' lang='lat' dir='ltr'>laudem</span> <span class='ocrx_word' id='word_1_105' title='bbox 777 2344 1037 2423; x_wconf 66' lang='lat' dir='ltr'>reponeremus,</span> <span class='ocrx_word' id='word_1_106' title='bbox 1061 2348 1093 2403; x_wconf 86' lang='lat' dir='ltr'>et</span> <span class='ocrx_word' id='word_1_107' title='bbox 1113 2338 1276 2428; x_wconf 90' lang='lat' dir='ltr'>intrepido</span> 
     </span>
     <span class='ocr_line' id='line_1_16' title="bbox 180 2467 1276 2566; baseline 0.003 -29"><span class='ocrx_word' id='word_1_108' title='bbox 180 2469 289 2538; x_wconf 75' lang='lat' dir='ltr'>animo</span> <span class='ocrx_word' id='word_1_109' title='bbox 310 2496 372 2538; x_wconf 89' lang='lat' dir='ltr'>nos</span> <span class='ocrx_word' id='word_1_110' title='bbox 393 2469 608 2563; x_wconf 75' lang='lat' dir='ltr'>adcinximus.</span> <span class='ocrx_word' id='word_1_111' title='bbox 663 2469 743 2535; x_wconf 82' lang='lat' dir='ltr'>Mox</span> <span class='ocrx_word' id='word_1_112' title='bbox 763 2467 1003 2550; x_wconf 82' lang='lat' dir='ltr'>intelleximus,</span> <span class='ocrx_word' id='word_1_113' title='bbox 1027 2471 1158 2540; x_wconf 62' lang='lat' dir='ltr'>innon</span> <span class='ocrx_word' id='word_1_114' title='bbox 1179 2497 1276 2566; x_wconf 89' lang='lat' dir='ltr'>posse</span> 
     </span>
     <span class='ocr_line' id='line_1_17' title="bbox 182 2567 1275 2702; baseline 0.001 -24"><span class='ocrx_word' id='word_1_115' title='bbox 182 2611 320 2678; x_wconf 85' lang='lat' dir='ltr'>oliorum</span> <span class='ocrx_word' id='word_1_116' title='bbox 331 2609 480 2701; x_wconf 75' lang='lat' dir='ltr'>uestigiis</span> <span class='ocrx_word' id='word_1_117' title='bbox 501 2609 623 2693; x_wconf 87' lang='lat' dir='ltr'>insisti,</span> <span class='ocrx_word' id='word_1_118' title='bbox 647 2609 705 2675; x_wconf 89' lang='lat' dir='ltr'>sed</span> <span class='ocrx_word' id='word_1_119' title='bbox 719 2607 827 2676; x_wconf 77' lang='lat' dir='ltr'>omniu</span> <span class='ocrx_word' id='word_1_120' title='bbox 847 2567 980 2702; x_wconf 83' lang='lat' dir='ltr'>proprio</span> <span class='ocrx_word' id='word_1_121' title='bbox 1001 2612 1111 2680; x_wconf 80' lang='lat' dir='ltr'>labore</span> <span class='ocrx_word' id='word_1_122' title='bbox 1133 2637 1204 2679; x_wconf 89' lang='lat' dir='ltr'>esse</span> <span class='ocrx_word' id='word_1_123' title='bbox 1225 2637 1275 2679; x_wconf 88' lang='lat' dir='ltr'>re·</span> 
     </span>
     <span class='ocr_line' id='line_1_18' title="bbox 181 2745 1277 2832; baseline 0.004 -18"><span class='ocrx_word' id='word_1_124' title='bbox 181 2748 365 2830; x_wconf 82' lang='lat' dir='ltr'>trectundu,</span> <span class='ocrx_word' id='word_1_125' title='bbox 393 2760 449 2830; x_wconf 89' lang='lat' dir='ltr'>ut,</span> <span class='ocrx_word' id='word_1_126' title='bbox 484 2745 513 2811; x_wconf 90' lang='lat' dir='ltr'>si</span> <span class='ocrx_word' id='word_1_127' title='bbox 540 2745 654 2830; x_wconf 88' lang='lat' dir='ltr'>nobis,</span> <span class='ocrx_word' id='word_1_128' title='bbox 692 2747 811 2814; x_wconf 89' lang='lat' dir='ltr'>nedum</span> <span class='ocrx_word' id='word_1_129' title='bbox 840 2749 1059 2832; x_wconf 80' lang='lat' dir='ltr'>doctioribus,</span> <span class='ocrx_word' id='word_1_130' title='bbox 1091 2751 1277 2818; x_wconf 70' lang='lat' dir='ltr'>satisfecere</span> 
     </span>
     <span class='ocr_line' id='line_1_19' title="bbox 183 2881 1276 2973; baseline 0.001 -21"><span class='ocrx_word' id='word_1_131' title='bbox 183 2885 360 2967; x_wconf 86' lang='lat' dir='ltr'>vellemus,</span> <span class='ocrx_word' id='word_1_132' title='bbox 388 2881 547 2973; x_wconf 70' lang='lat' dir='ltr'>integrum</span> <span class='ocrx_word' id='word_1_133' title='bbox 577 2881 798 2971; x_wconf 78' lang='lat' dir='ltr'>quaestionem</span> <span class='ocrx_word' id='word_1_134' title='bbox 821 2883 877 2946; x_wconf 83' lang='lat' dir='ltr'>rix</span> <span class='ocrx_word' id='word_1_135' title='bbox 899 2881 1010 2950; x_wconf 87' lang='lat' dir='ltr'>decem</span> <span class='ocrx_word' id='word_1_136' title='bbox 1039 2905 1197 2950; x_wconf 73' lang='lat' dir='ltr'>annorum</span> <span class='ocrx_word' id='word_1_137' title='bbox 1226 2886 1276 2954; x_wconf 88' lang='lat' dir='ltr'>in·</span> 
     </span>
     <span class='ocr_line' id='line_1_20' title="bbox 185 3017 1276 3110; baseline 0.002 -22"><span class='ocrx_word' id='word_1_138' title='bbox 185 3021 314 3088; x_wconf 83' lang='lat' dir='ltr'>delesse</span> <span class='ocrx_word' id='word_1_139' title='bbox 335 3020 463 3105; x_wconf 78' lang='lat' dir='ltr'>labore,</span> <span class='ocrx_word' id='word_1_140' title='bbox 494 3043 560 3084; x_wconf 91' lang='lat' dir='ltr'>nuo</span> <span class='ocrx_word' id='word_1_141' title='bbox 580 3041 666 3094; x_wconf 86' lang='lat' dir='ltr'>onno</span> <span class='ocrx_word' id='word_1_142' title='bbox 694 3018 852 3086; x_wconf 74' lang='lat' dir='ltr'>unctum</span> <span class='ocrx_word' id='word_1_143' title='bbox 880 3029 1003 3110; x_wconf 81' lang='lat' dir='ltr'>portem</span> <span class='ocrx_word' id='word_1_144' title='bbox 1024 3017 1204 3088; x_wconf 68' lang='lat' dir='ltr'>absoluturi</span> <span class='ocrx_word' id='word_1_145' title='bbox 1227 3047 1276 3090; x_wconf 87' lang='lat' dir='ltr'>cs·</span> 
     </span>
     <span class='ocr_line' id='line_1_21' title="bbox 185 3147 1277 3248; baseline 0 -22"><span class='ocrx_word' id='word_1_146' title='bbox 185 3183 312 3243; x_wconf 88' lang='lat' dir='ltr'>scmus,</span> <span class='ocrx_word' id='word_1_147' title='bbox 343 3181 440 3247; x_wconf 80' lang='lat' dir='ltr'>quem</span> <span class='ocrx_word' id='word_1_148' title='bbox 462 3155 724 3245; x_wconf 82' lang='lat' dir='ltr'>Petropolitnnoe</span> <span class='ocrx_word' id='word_1_149' title='bbox 745 3153 941 3223; x_wconf 72' lang='lat' dir='ltr'>Academiae</span> <span class='ocrx_word' id='word_1_150' title='bbox 966 3147 1097 3244; x_wconf 80' lang='lat' dir='ltr'>judicio</span> <span class='ocrx_word' id='word_1_151' title='bbox 1116 3155 1277 3248; x_wconf 74' lang='lat' dir='ltr'>subjicere</span> 
     </span>
     <span class='ocr_line' id='line_1_22' title="bbox 183 3289 1275 3362; baseline 0.001 -1"><span class='ocrx_word' id='word_1_152' title='bbox 183 3292 358 3361; x_wconf 87' lang='lat' dir='ltr'>ridiculum</span> <span class='ocrx_word' id='word_1_153' title='bbox 389 3290 563 3360; x_wconf 81' lang='lat' dir='ltr'>rideretur.</span> <span class='ocrx_word' id='word_1_154' title='bbox 627 3291 680 3356; x_wconf 86' lang='lat' dir='ltr'>Ito</span> <span class='ocrx_word' id='word_1_155' title='bbox 710 3298 817 3358; x_wconf 82' lang='lat' dir='ltr'>tomen</span> <span class='ocrx_word' id='word_1_156' title='bbox 849 3289 974 3358; x_wconf 84' lang='lat' dir='ltr'>interes</span> <span class='ocrx_word' id='word_1_157' title='bbox 1001 3293 1063 3358; x_wconf 90' lang='lat' dir='ltr'>boc</span> <span class='ocrx_word' id='word_1_158' title='bbox 1096 3295 1275 3362; x_wconf 88' lang='lat' dir='ltr'>studiorum</span> 
     </span>
     <span class='ocr_line' id='line_1_23' title="bbox 185 3427 1276 3523; baseline 0.003 -26"><span class='ocrx_word' id='word_1_159' title='bbox 185 3451 290 3523; x_wconf 70' lang='lat' dir='ltr'>pensu</span> <span class='ocrx_word' id='word_1_160' title='bbox 303 3428 562 3496; x_wconf 76' lang='lat' dir='ltr'>edomaverumus</span> <span class='ocrx_word' id='word_1_161' title='bbox 583 3437 695 3518; x_wconf 85' lang='lat' dir='ltr'>totque</span> <span class='ocrx_word' id='word_1_162' title='bbox 713 3449 797 3494; x_wconf 80' lang='lat' dir='ltr'>nove</span> <span class='ocrx_word' id='word_1_163' title='bbox 818 3438 851 3492; x_wconf 92' lang='lat' dir='ltr'>et</span> <span class='ocrx_word' id='word_1_164' title='bbox 872 3427 966 3495; x_wconf 79' lang='lat' dir='ltr'>utilis</span> <span class='ocrx_word' id='word_1_165' title='bbox 987 3429 1023 3496; x_wconf 95' lang='lat' dir='ltr'>in</span> <span class='ocrx_word' id='word_1_166' title='bbox 1044 3455 1079 3496; x_wconf 88' lang='lat' dir='ltr'>re</span> <span class='ocrx_word' id='word_1_167' title='bbox 1099 3455 1276 3522; x_wconf 81' lang='lat' dir='ltr'>paucorum</span> 
     </span>
     <span class='ocr_line' id='line_1_24' title="bbox 185 3564 1276 3668; baseline 0.002 -34"><span class='ocrx_word' id='word_1_168' title='bbox 185 3566 301 3668; x_wconf 76' lang='lat' dir='ltr'>studiis</span> <span class='ocrx_word' id='word_1_169' title='bbox 323 3565 466 3633; x_wconf 79' lang='lat' dir='ltr'>delibuto</span> <span class='ocrx_word' id='word_1_170' title='bbox 486 3564 576 3631; x_wconf 83' lang='lat' dir='ltr'>brevi</span> <span class='ocrx_word' id='word_1_171' title='bbox 597 3575 741 3656; x_wconf 86' lang='lat' dir='ltr'>tempore</span> <span class='ocrx_word' id='word_1_172' title='bbox 763 3565 907 3656; x_wconf 86' lang='lat' dir='ltr'>reperire</span> <span class='ocrx_word' id='word_1_173' title='bbox 935 3568 1029 3636; x_wconf 89' lang='lat' dir='ltr'>nobis</span> <span class='ocrx_word' id='word_1_174' title='bbox 1051 3569 1113 3635; x_wconf 84' lang='lat' dir='ltr'>visi</span> <span class='ocrx_word' id='word_1_175' title='bbox 1136 3593 1276 3655; x_wconf 79' lang='lat' dir='ltr'>eremus,</span> 
     </span>
     <span class='ocr_line' id='line_1_25' title="bbox 184 3699 1278 3794; baseline -0.005 -19"><span class='ocrx_word' id='word_1_176' title='bbox 184 3721 222 3774; x_wconf 82' lang='lat' dir='ltr'>ut</span> <span class='ocrx_word' id='word_1_177' title='bbox 242 3730 308 3774; x_wconf 91' lang='lat' dir='ltr'>nou</span> <span class='ocrx_word' id='word_1_178' title='bbox 329 3722 497 3794; x_wconf 85' lang='lat' dir='ltr'>possemus</span> <span class='ocrx_word' id='word_1_179' title='bbox 517 3699 614 3767; x_wconf 87' lang='lat' dir='ltr'>uobis</span> <span class='ocrx_word' id='word_1_180' title='bbox 634 3711 833 3790; x_wconf 77' lang='lat' dir='ltr'>temperare,</span> <span class='ocrx_word' id='word_1_181' title='bbox 862 3703 942 3791; x_wconf 89' lang='lat' dir='ltr'>quin</span> <span class='ocrx_word' id='word_1_182' title='bbox 964 3714 997 3771; x_wconf 89' lang='lat' dir='ltr'>ct</span> <span class='ocrx_word' id='word_1_183' title='bbox 1016 3704 1278 3791; x_wconf 81' lang='lat' dir='ltr'>contiuuoremus</span> 
     </span>
     <span class='ocr_line' id='line_1_26' title="bbox 184 3837 1277 3939; baseline -0.005 -23"><span class='ocrx_word' id='word_1_184' title='bbox 184 3869 266 3939; x_wconf 89' lang='lat' dir='ltr'>opus</span> <span class='ocrx_word' id='word_1_185' title='bbox 295 3844 460 3932; x_wconf 84' lang='lat' dir='ltr'>inceptum</span> <span class='ocrx_word' id='word_1_186' title='bbox 480 3852 513 3904; x_wconf 89' lang='lat' dir='ltr'>et</span> <span class='ocrx_word' id='word_1_187' title='bbox 543 3838 647 3907; x_wconf 87' lang='lat' dir='ltr'>nostri</span> <span class='ocrx_word' id='word_1_188' title='bbox 678 3837 799 3904; x_wconf 83' lang='lat' dir='ltr'>loboris</span> <span class='ocrx_word' id='word_1_189' title='bbox 820 3840 1077 3934; x_wconf 79' lang='lat' dir='ltr'>qualescumque</span> <span class='ocrx_word' id='word_1_190' title='bbox 1094 3845 1220 3912; x_wconf 78' lang='lat' dir='ltr'>fruetus</span> <span class='ocrx_word' id='word_1_191' title='bbox 1241 3842 1277 3910; x_wconf 88' lang='lat' dir='ltr'>in</span> 
     </span>
    </p>
   </div>
   <div class='ocr_carea' id='block_1_3' title="bbox 185 3971 1276 4076">
    <p class='ocr_par' dir='ltr' id='par_1_3' title="bbox 185 3971 1276 4076">
     <span class='ocr_line' id='line_1_27' title="bbox 185 3971 1276 4076; baseline -0.014 -25"><span class='ocrx_word' id='word_1_192' title='bbox 185 3982 351 4076; x_wconf 86' lang='lat' dir='ltr'>publicum</span> <span class='ocrx_word' id='word_1_193' title='bbox 374 3980 469 4046; x_wconf 86' lang='lat' dir='ltr'>edere</span> <span class='ocrx_word' id='word_1_194' title='bbox 491 3975 772 4044; x_wconf 87' lang='lat' dir='ltr'>constitueremus.</span> <span class='ocrx_word' id='word_1_195' title='bbox 833 3971 950 4070; x_wconf 87' lang='lat' dir='ltr'>Neque</span> <span class='ocrx_word' id='word_1_196' title='bbox 977 3990 1084 4050; x_wconf 78' lang='lat' dir='ltr'>tomen</span> <span class='ocrx_word' id='word_1_197' title='bbox 1104 3983 1276 4074; x_wconf 69' lang='lat' dir='ltr'>reprehen-</span> 
     </span>
    </p>
   </div>
   <div class='ocr_carea' id='block_1_4' title="bbox 186 4113 1276 4210">
    <p class='ocr_par' dir='ltr' id='par_1_4' title="bbox 186 4113 1276 4210">
     <span class='ocr_line' id='line_1_28' title="bbox 186 4113 1276 4210; baseline 0 -22"><span class='ocrx_word' id='word_1_198' title='bbox 186 4121 310 4208; x_wconf 84' lang='lat' dir='ltr'>sionem</span> <span class='ocrx_word' id='word_1_199' title='bbox 331 4130 387 4185; x_wconf 79' lang='lat' dir='ltr'>unt</span> <span class='ocrx_word' id='word_1_200' title='bbox 407 4138 581 4209; x_wconf 87' lang='lat' dir='ltr'>possumus</span> <span class='ocrx_word' id='word_1_201' title='bbox 602 4128 659 4183; x_wconf 75' lang='lat' dir='ltr'>sut</span> <span class='ocrx_word' id='word_1_202' title='bbox 677 4117 828 4185; x_wconf 84' lang='lat' dir='ltr'>volumus</span> <span class='ocrx_word' id='word_1_203' title='bbox 849 4117 1038 4210; x_wconf 71' lang='lat' dir='ltr'>deprecari,</span> <span class='ocrx_word' id='word_1_204' title='bbox 1060 4113 1089 4188; x_wconf 81' lang='lat' dir='ltr'>si</span> <span class='ocrx_word' id='word_1_205' title='bbox 1109 4121 1193 4190; x_wconf 78' lang='lat' dir='ltr'>forte</span> <span class='ocrx_word' id='word_1_206' title='bbox 1214 4121 1276 4188; x_wconf 85' lang='lat' dir='ltr'>Pe·</span> 
     </span>
    </p>
   </div>
   <div class='ocr_carea' id='block_1_5' title="bbox 0 0 1379 4794">
    <p class='ocr_par' dir='ltr' id='par_1_5' title="bbox 0 0 1379 4794">
     <span class='ocr_line' id='line_1_29' title="bbox 0 0 1379 4794; baseline 0 0"><span class='ocrx_word' id='word_1_207' title='bbox 0 0 1379 4794; x_wconf 95' lang='lat' dir='ltr'> </span> 
     </span>
    </p>
   </div>
  </div>
 </body>
</html>
