2844 4770
197 301 247 378 to
520 297 553 390 §.
582 298 616 374 5.
670 297 949 398 Dedigamma.

198 503 276 573 liltri
296 500 398 586 μηκέτ’
421 499 522 572 ἀελίου
542 499 718 592 praebunt,
739 522 800 568 ree
819 499 928 568 minus
942 496 1042 584 ains'oo
1055 505 1190 589 propter
1204 491 1293 582 ἦμαρ

199 617 233 672 et
251 603 426 672 Pindariea
446 601 600 688 e’roipeooe
619 603 661 670 Ρ.
675 602 779 688 VIII,
800 603 842 672 99
863 613 896 668 et
915 599 1130 686 oepmdpsooc
1152 599 1196 666 0.
1209 599 1293 685 V,6

199 731 260 799 pro
282 706 440 792 ἐφήμερος
459 715 493 772 et
513 703 718 794 πενθήμερος.
762 703 877 796 Neque
897 717 1004 772 temen
1018 703 1195 795 quidquam
1211 701 1295 770 eerti

199 809 398 885 eonstituers
425 801 592 876 audemus.
650 807 804 878 Ceterum
824 809 865 876 ad
882 807 1055 898 Apollonii
1076 806 1222 895 regulam
1242 829 1294 874 re·

199 913 286 979 serre
314 911 393 978 lieet
420 910 479 980 ἐστ’
511 913 617 999 dpois,
661 910 972 1002 qnodEpielr.147
999 908 1086 999 apud
1115 907 1295 975 Eusebium

200 1013 322 1102 legitur
342 1025 375 1080 et
395 1013 555 1105 Despolii
575 1013 717 1104 glossam
740 1013 874 1092 iordsa,
907 1011 1018 1082 ἐνιότε·
1062 1013 1247 1096 Ταραντῖνοι
1267 1009 1293 1078 i.
1360 1003 1366 1012 ⁸

200 1115 408 1184 afim.
1245 1165 1249 1174 .

286 1221 319 1297 5)
362 1218 466 1286 Vides
488 1241 583 1310 quam
604 1217 713 1284 omnia
734 1217 801 1284 sint
820 1217 955 1284 ineerta.
1000 1217 1083 1284 Nam
1098 1217 1295 1286 llerteleea·

202 1318 286 1386 sium
308 1319 343 1384 in
364 1320 417 1386 his
446 1320 665 1405 consuetudo,
709 1319 750 1385 de
777 1343 842 1409 quo
870 1317 982 1410 paullo
1009 1319 1127 1388 melius
1156 1329 1294 1404 constat,

202 1445 280 1488 num
302 1421 341 1486 ad
364 1421 509 1511 reliquos
531 1446 661 1513 qnoque
684 1420 865 1492 Dorienses
886 1421 1102 1511 pertinuerit,
1136 1422 1215 1488 satis
1237 1420 1296 1488 du·

200 1523 293 1592 lrinm
322 1533 392 1608 est,
427 1524 616 1614 praesertim
638 1547 740 1614 quum
761 1523 860 1592 iidem
882 1523 917 1590 in
938 1523 1092 1612 digammi
1113 1547 1174 1590 esa
1194 1523 1298 1592 mutu

201 1625 379 1716 singularia
401 1625 541 1696 habeon
560 1651 578 1690 a
600 1626 800 1717 reliquorum
816 1625 1034 1710 Graecorum,
1057 1625 1114 1715 qni
1135 1625 1297 1714 digama

201 1729 427 1812 retinuerunt,
459 1751 520 1794 usu
544 1728 659 1796 aliene.
704 1727 928 1795 Nihilominus
949 1728 1125 1796 nonnullas
1144 1728 1234 1816 leges
1254 1726 1296 1794 de

202 1830 374 1920 spirituum
396 1829 482 1918 apud
504 1829 683 1896 Dorienses
705 1830 830 1896 ratione
852 1831 1050 1899 constituere
1071 1829 1265 1898 andemusr
1288 1878 1292 1895 ,

286 1931 421 1996 Doridis
451 1955 530 1998 usus
559 1957 633 2000 eum
661 1932 788 2022 vulgari
817 1931 852 1998 iu
882 1933 1070 2000 universum
1093 1931 1300 2024 conspirelrat

201 2055 308 2122 neque
341 2032 543 2124 discrepabat
575 2035 641 2101 nisi
671 2034 707 2102 in
746 2033 887 2123 singulis
924 2035 1118 2124 quibusdam
1149 2035 1295 2102 roribus.

204 2135 327 2200 Lenem
349 2157 408 2223 pro
429 2136 556 2223 vulgari
580 2160 696 2226 aspero
724 2136 777 2204 vel
804 2137 890 2227 apud
913 2161 1025 2207 omnes
1045 2127 1226 2206 Dorienles
1246 2135 1301 2204 vel

202 2235 236 2300 in
260 2235 400 2323 singulis
421 2238 598 2325 generibus
618 2261 686 2304 non
706 2237 869 2308 hebebant
889 2238 955 2306 nisi
982 2263 1039 2306 eae
1060 2261 1179 2324 voees,
1215 2260 1299 2328 quae

62 2401 67 2426 ‚
202 2336 243 2404 ab
270 2337 397 2427 origine
427 2349 461 2404 et
486 2338 519 2407 in
541 2339 701 2409 Lesbiaer
729 2341 867 2410 ffirleeto
897 2363 1049 2432 asperum
1071 2351 1298 2432 aspernantur,

203 2439 316 2530 quales
338 2450 415 2506 snnt
445 2439 521 2524 ὄρος
549 2465 625 2510 eum
652 2432 827 2529 derivatis,
861 2442 951 2521 oilla,
985 2441 1133 2525 ἆμαξιτός
1163 2447 1226 2524 (nr.
1249 2443 1299 2526 2),

207 2541 319 2625 ἵππος,
352 2541 467 2630 ἰαρός,
503 2543 648 2630 ἄρμόζω,
682 2545 811 2631 ἆγεόμαι
831 2569 906 2614 eum
927 2544 1079 2612 derivatis
1106 2545 1172 2628 (nt-
1196 2545 1237 2628 3,
1259 2542 1301 2611 de

202 2641 352 2720 ’itdosoe
381 2656 415 2712 et
437 2645 507 2710 daie
530 2670 641 2737 parurn
662 2656 822 2728 oonstatl,
854 2650 992 2714 lortrsse
1023 2647 1111 2722 ditor
1136 2657 1171 2712 et
1196 2643 1302 2729 ,ἁμέρα

205 2742 270 2822 (nr.
294 2747 341 2820 4).
397 2747 489 2836 Ergo
509 2748 618 2816 Dores
641 2772 808 2839 nunquam
829 2761 950 2816 temere
970 2749 1078 2816 lenem
1102 2771 1162 2839 pro
1183 2767 1301 2836 aspero

204 2859 459 2935 assumpserunt.
505 2850 628 2916 Contra
648 2875 724 2940 purs
744 2851 1058 2924 oerteDoriensium
1072 2850 1179 2941 asperi
1191 2873 1301 2916 eman·

205 2946 269 3010 tior
290 2947 372 3032 luit,
394 2971 491 3039 quern
509 2951 745 3018 Heracleenses
766 2976 867 3043 quum
889 2952 924 3018 in
946 2953 1020 3020 aliis
1041 2964 1109 3020 tum
1131 2953 1165 3018 in
1188 2975 1301 3020 nume·

205 3047 328 3114 ralilrns
350 3049 429 3120 ὅκτω
451 3061 485 3118 et
507 3050 591 3118 ἔννεα
613 3065 790 3140 notarunt,
834 3053 892 3122 alii
921 3055 1017 3122 etiam
1044 3055 1079 3120 in
1106 3059 1170 3130 ἕςτε
1190 3055 1231 3122 ab
1253 3055 1298 3130 ἐς.

205 3149 371 3214 Interdum
394 3175 489 3242 asper
510 3177 528 3218 e
550 3153 711 3244 digamma
739 3158 843 3222 laetus
871 3169 943 3244 est,
975 3168 1011 3223 ut
1039 3157 1125 3247 apud
1146 3156 1301 3224 Heracle·

205 3272 300 3342 enses
321 3253 354 3316 in
370 3257 474 3339 iopes,
499 3263 567 3332 ἴσος
589 3257 659 3334 (ulti
674 3259 849 3326 fluctuabat
869 3259 1089 3351 pronuntiatio
1110 3259 1196 3324 inter
1209 3283 1301 3348 aspe-

205 3373 274 3416 rum
299 3364 332 3417 et
355 3353 475 3440 lenem)
507 3371 539 3425 et
559 3363 776 3448 πεπαὲτηρῖς,
811 3387 912 3454 quum
942 3361 1008 3436 ἔτος
1036 3361 1196 3452 digamma
1223 3361 1301 3427 reti·

205 3453 350 3538 unisset,
375 3471 557 3546 praeterea,
580 3463 717 3554 opinor,
740 3464 774 3529 in
799 3465 958 3542 ἐνιαυτός,
982 3464 1025 3528 el.
1049 3460 1081 3554 ᾗ.
1106 3463 1148 3550 5,
1170 3463 1202 3532 8.

703 3627 736 3712 §-
766 3629 798 3692 s.

610 3767 672 3820 ns
688 3723 888 3832 arg-am
1075 3821 1079 3831 ,

288 3851 321 3938 1)
364 3853 563 3942 Dorienses,
605 3861 794 3951 praesertim
817 3861 987 3946 Lacones,
1030 3863 1190 3952 digamma
1221 3887 1300 3931 rsos

204 3971 275 4017 esse
307 3963 339 4018 et
368 3959 569 4043 grammatici
600 3974 761 4028 testantur
777 3969 802 4042 ¹)
831 3975 864 4030 et
891 3964 1011 4056 reliqui
1041 3965 1149 4031 lentes
1180 3967 1299 4033 contir-

207 4099 461 4118 Ἥ

240 4181 266 4242 1)
303 4177 347 4235 De
367 4181 553 4244 Doriersibus
569 4189 680 4262 Trypla
704 4198 773 4248 ποθ.
793 4197 834 4257 tet
866 4200 887 4266 t.
910 4202 956 4264 tl,
990 4197 1028 4252 de
1046 4197 1204 4256 umatum
1219 4151 1298 4254 idem
