2814 4760
123 358 158 452 §.
168 357 230 437 5⁰.
247 356 467 468 DeDoridie
479 379 655 460 gerarum
670 373 707 434 et
719 355 926 456 specierum
943 335 1094 462 origine.
1131 357 1208 442 dbb

120 561 302 630 incolarum
332 559 460 628 numeri
491 559 618 628 tertiam
647 573 772 652 partem
800 585 867 632 non
899 563 1121 656 expleverint,
1163 567 1207 634 iia

120 663 229 748 euim,
252 664 311 756 qui
331 662 430 756 primi
449 662 566 730 urbem
586 663 817 749 condiderant,
839 689 916 756 prae
928 667 1067 757 reliquis
1080 668 1207 760 aliquid

1 775 2 780 ’
113 767 205 854 jeria
226 766 297 833 dari
317 776 568 834 consentaneum
589 776 668 832 erat.
728 765 857 856 Cyrene
877 767 980 856 igitur
998 770 1130 836 nominc
1149 795 1207 862 po·

117 867 186 936 tius
206 891 305 958 qnam
326 893 363 936 re
384 867 513 936 Tbcrac
534 868 664 936 colonia
684 879 772 954 erat,
804 893 866 936 nee
895 871 1033 957 mirum,
1066 873 1097 938 (1
1118 873 1207 940 Tbe-

116 993 268 1039 raeorom
302 971 460 1038 dialectos
492 969 579 1038 inter
612 981 661 1039 tot
693 971 822 1038 accolas
852 972 978 1040 alienae
1011 974 1207 1042 elocutionis

118 1072 299 1142 evanuerit.
354 1071 551 1157 Cretenses,
583 1071 619 1139 id
648 1074 737 1163 quod
764 1073 836 1164 ipsc
856 1085 1014 1143 terrarum
1036 1077 1118 1144 sitae
1139 1077 1207 1143 exi·

118 1175 244 1242 (1111111
260 1175 377 1263 jubet,
397 1199 533 1244 numero
553 1176 776 1267 praevaluisse
796 1177 970 1263 sidentur,
999 1201 1099 1268 (1111(
1120 1179 1208 1246 inter

119 1276 277 1346 dialectos
301 1277 463 1345 Creticam
485 1287 518 1345 ct
541 1277 755 1368 Cpreuaicam
782 1289 913 1371 praeter
939 1304 996 1360 ca,
1030 1305 1114 1373 quac
1133 1281 1207 1348 uui·

117 1379 206 1446 sesai
227 1379 403 1450 severioris
425 1379 557 1471 generis
579 1393 674 1454 snut.
697 1392 912 1450 extremarum
925 1383 1124 1472 spllebarum
1137 1407 1207 1450 cur·

116 1481 223 1572 reptio
243 1481 428 1548 commuuio
446 1482 509 1565 ait,
540 1505 639 1572 qaam
658 1507 677 1549 a
700 1482 918 1553 Cretensibus
937 1487 1051 1576 potius
1070 1509 1168 1578 quam
1189 1507 1208 1550 a

118 1583 279 1652 'l’beracis
299 1584 341 1650 ad
363 1583 551 1674 Cyrenecos
578 1595 817 1654 mosmaoaese
845 1597 1016 1677 putenm,
1046 1589 1208 1656 vocalium

116 1709 149 1753 1(
175 1687 430 1754 mntractionem
459 1686 495 1752 iu
524 1709 577 1767 cu,
608 1711 706 1778 qnam
727 1687 890 1779 Cyrenaei
910 1714 990 1780 prae
1008 1689 1136 1780 reliqna
1156 1713 1208 1756 ae·

114 1788 243 1856 veriore
262 1788 389 1856 Doride
410 1789 609 1879 peculiarem
631 1789 771 1875 hebent,
793 1791 835 1857 ad
853 1791 1047 1878 insulense,
1062 1791 1126 1881 Ι((1
1143 1791 1208 1880 Cp·

113 1913 217 1958 reuco
234 1889 544 1982 commigraverunt,
566 1891 620 1960 ((1
632 1889 776 1960 Doricos
797 1895 850 1962 ((1
870 1894 1004 1962 1((1((1
1024 1893 1206 1979 retulerim,

115 2015 255 2082 quorum
276 1993 428 2085 utrisque
450 1995 480 2061 is
501 2017 582 2060 usus
603 1993 776 2062 familiaris
798 2007 878 2064 crat.
901 2039 943 2052 -
972 1995 1084 2081 Quom
1105 1996 1209 2087 igitur

111 2094 256 2162 Doricae
275 2095 426 2164 coloniae
446 2105 522 2186 post
543 2095 775 2188 olympiadum
802 2098 934 2164 initium
961 2097 1111 2166 conditae
1132 2121 1207 2165 eum

112 2219 175 2264 aua
204 2221 354 2290 quaeque
381 2199 554 2292 metropoli
582 2211 639 2266 aut
667 2200 815 2268 severius
843 2211 900 2267 aut
928 2200 1042 2269 mitius
1069 2200 1206 2268 Doridis

114 2323 222 2388 penus
238 2323 408 2368 commuue
423 2303 581 2382 babeant,
603 2315 829 2395 praeterquam
850 2303 910 2368 ubi
931 2326 991 2394 per
1010 2303 1207 2370 advenarum

112 2401 375 2492 alienigenarum
395 2405 584 2470 couduaum
603 2405 739 2470 mutatio
761 2404 846 2470 iacta
868 2415 938 2489 eat,
962 2415 995 2472 (1
1009 2427 1110 2493 quom
1122 2405 1208 2470 mul·

110 2514 165 2569 tac
186 2527 227 2570 ex
248 2503 319 2570 illie
339 2515 396 2570 aut
416 2515 530 2573 octavo
552 2505 683 2572 merulo
704 2515 761 2572 aut
781 2505 914 2572 ineunte
933 2506 1074 2595 septimo
1094 2505 1207 2572 euadi-

111 2615 166 2672 tac
187 2605 273 2689 siut,
295 2616 383 2672 certa
403 2604 654 2673 ratiocinatione
675 2607 832 2685 efficitur,
851 2608 921 2695 jam
942 2618 1055 2674 octavo
1077 2605 1209 2674 sacculo

112 2705 298 2776 Dorienses
318 2707 406 2776 inter
426 2707 576 2776 severius
598 2731 704 2798 genus
725 2719 759 2776 et
777 2709 892 2776 mitius
913 2708 1039 2777 divisos
1058 2708 1175 2776 fuisse.
1201 2721 1204 2733 ·

198 2911 267 2980 Sed
288 2911 387 2980 etiam
406 2909 505 2978 altius
527 2908 571 2976 ad
583 2909 726 3000 mptbica
741 2919 888 3000 tempora
901 2910 1079 2980 escendere
1096 2909 1205 2996 juvat.

111 3013 294 3082 Videamus
315 3013 426 3096 eninr,
454 3022 528 3079 utro
548 3011 687 3079 Doridis
710 3035 830 3102 genere
851 3012 949 3080 urbes
970 3011 1113 3080 Doricae
1133 3035 1208 3103 pro·

112 3115 203 3182 ximo
224 3127 300 3206 post
318 3115 548 3206 migrationem
569 3126 713 3205 ternpore
734 3115 886 3182 conditae
898 3115 953 3182 ((1
969 3127 1082 3203 captae
1095 3127 1208 3204 postca

112 3239 194 3282 usae
215 3216 292 3284 siut.
346 3218 531 3286 Dorienses
552 3216 696 3284 Acbacis
715 3216 812 3284 victis
834 3217 870 3282 in
892 3217 1124 3306 Peloponneso
1144 3219 1207 3284 tria

113 3339 216 3404 regna
235 3319 422 3387 condidisse
443 3321 614 3403 teruntur,
646 3318 829 3408 Argivum,
861 3319 1085 3404 Laconicum,
1119 3317 1208 3385 bles·

114 3417 275 3486 eculeum.
319 3422 422 3510 Argis
443 3421 561 3490 deinde
584 3420 755 3505 exierunt,
789 3421 848 3512 qui
868 3421 1094 3504 Troeucncm,
1126 3418 1207 3510 Epi·

113 3521 272 3605 daurum,
297 3520 471 3610 Sicyonem
492 3533 714 3615 occuparunt,
736 3522 926 3612 Epidauro,
947 3523 1006 3612 qui
1029 3521 1207 3612 Aeginam,

112 3647 154 3690 cx
176 3622 359 3713 Argolide,
390 3623 448 3714 qui
469 3624 642 3709 llbodum,
678 3624 772 3710 Con,
804 3623 995 3713 Calymuam
1024 3636 1057 3690 (1
1080 3623 1206 3692 vicinae

111 3725 264 3794 civitates
285 3725 437 3794 Doricus.
492 3725 590 3810 Quod
611 3728 746 3812 Aletes,
777 3727 837 3819 qui
860 3725 988 3817 primus
1011 3726 1207 3810 Corinthum

110 3829 149 3894 in
169 3827 388 3895 Doriensium
408 3837 599 3919 potestatem
628 3830 774 3918 redegit,
808 3853 874 3895 non
895 3829 1019 3918 Argis,
1053 3829 1089 3896 id
1118 3830 1206 3922 quod

111 3930 281 4020 probabile
302 3930 452 4014 videtur,
474 3953 583 4022 neque
604 3932 803 4000 cLaconica
823 3933 878 4000 ((1
886 3931 1055 4000 blessenia
1075 3933 1207 4001 venisse

112 4035 235 4118 fertur,
271 4031 519 4102 Corinthiorum
545 4035 666 4102 fastum
685 4033 846 4123 Argiuam
873 4033 1035 4123 originem
1055 4055 1205 4124 asperna-

114 4143 182 4202 turu
211 4135 321 4204 minus
350 4159 426 4204 ((11
453 4135 591 4204 duxisse
617 4135 811 4228 putaverim.
843 4135 1067 4224 bleparidem
1089 4133 1205 4200 Corin·
