2844 4770
209 308 261 388 cs
535 303 572 398 s.
597 305 646 382 n·
684 304 743 380 ne
767 301 965 406 mamm.

211 535 278 580 non
307 507 589 599 ordographican
616 509 685 578 sed<
703 509 833 579 dialecti
861 509 965 582 luisse
993 510 1215 582 &menoare
1235 523 1304 582 stu·

211 614 353 682 dnimus.
409 610 502 695 Quae
533 611 562 678 si
590 621 678 680 recte
701 611 939 700 judicavimus,
970 636 1038 682 uon
1067 613 1162 682 aliter
1181 615 1223 684 dc
1242 617 1306 686 hac

211 714 424 786 Dosieusinrn
443 713 622 782 mutatione
638 713 853 800 judicandum
873 724 945 800 est,
974 715 1033 805 qui
1056 739 1115 784 cnr
1134 741 1217 784 sono
1236 742 1305 786 nou

209 827 331 886 mutsto
351 815 483 906 signum
504 825 625 882 temere
648 815 862 898 mutaverint,
884 839 952 882 uon
971 817 1075 907 magis
1095 818 1302 908 intelligitur.

209 919 382 986 Praeterea
402 940 461 984 cnr
476 915 568 1000 ,ἀβώς
588 916 790 1001 scriberent,
805 916 878 984 ‚uhi
898 917 1014 986 Leshii
1035 918 1140 1004 αὔας,
1168 921 1235 988 nisi
1254 920 1304 990 iu·

209 1031 260 1090 tar
278 1018 574 1110 pronuntiationem
594 1017 791 1086 iutercsaet‘l
842 1017 961 1108 Neque
988 1019 1170 1088 doctissimi
1197 1046 1302 1111 gram·

210 1122 340 1205 matici,
363 1119 570 1188 Herodianus
589 1131 624 1186 ct
644 1119 837 1188 Heraclides
859 1119 940 1198 (vid.
962 1131 1031 1186 not.
1045 1122 1081 1200 7>
1102 1135 1304 1212 compertu

208 1223 392 1306 habehant,
437 1221 521 1290 illud
548 1229 570 1304 β
596 1219 751 1309 digammi
783 1221 942 1288 vicarium
971 1223 1068 1290 aliter
1098 1225 1304 1314 pronuntiari

134 1323 138 1334 '
208 1349 306 1416 qnam
325 1324 492 1412 culparem
512 1321 652 1390 literam.
704 1323 748 1390 Et
775 1323 904 1392 videtur
930 1323 1018 1392 idm
1046 1324 1302 1418 glossographus

210 1439 248 1496 nt
278 1426 422 1494 diversas
452 1423 599 1511 ejusdem
627 1423 717 1492 vocis
745 1424 925 1516 scripturas
954 1447 1223 1496 commemorasse
1242 1436 1305 1514 βη-

208 1529 364 1615 atreum
385 1537 419 1594 et
438 1523 664 1608 Γηράνθεμω,
686 1529 818 1612 peccalo
836 1536 870 1594 ct
888 1530 1034 1612 yorinu.
1265 1612 1271 1624 Ι

292 1631 368 1714 Quo
395 1651 473 1697 vern
502 1639 647 1718 tempere
675 1651 745 1694 cem
766 1626 977 1696 mutationem
997 1630 1116 1697 factam
1137 1627 1302 1698 existime-

208 1733 306 1800 musi
357 1731 413 1798 Ah
434 1730 572 1796 ltaliotis
601 1751 706 1820 usqne
734 1728 777 1794 ad
806 1740 956 1820 quartum
975 1755 1006 1796 a.
1031 1731 1111 1798 Chr.
1133 1731 1302 1800 saeculuas

208 1836 317 1926 ipsum
338 1833 497 1924 dipsmrrs
526 1831 684 1922 scriptum
715 1830 819 1898 fnisse
851 1842 978 1903 cunstat
1004 1855 1066 1900 nec
1092 1831 1184 1923 prins
1214 1833 1304 1924 apud

103 1967 106 1972 ·
208 1937 358 2004 lacones
387 1945 421 2002 et
453 1933 628 2002 Cretenses
656 1931 858 2000 obsolevisse
888 1933 1064 2002 credimus.
1138 1935 1304 2004 Proximis

208 2037 349 2106 neculis
379 2035 466 2106 tituli
487 2047 521 2102 et
539 2035 698 2102 Laconici
730 2042 929 2126 (qumquam
957 2035 1010 2102 his
1038 2035 1147 2102 minus
1174 2037 1210 2104 in
1238 2039 1300 2116 hac

205 2163 242 2208 rc
263 2140 312 2216 uti
334 2139 432 2223 licet,
464 2137 540 2227 quia
561 2136 770 2227 proprietatis
790 2137 974 2206 laconicae
994 2138 1129 2206 omnino
1150 2149 1298 2236 expertes
1341 2139 1345 2148 ’

205 2240 296 2329 sunt)
327 2249 360 2306 et
382 2239 504 2306 Cretici
532 2261 641 2328 neque
668 2238 829 2329 digamma
856 2261 964 2330 neque
992 2239 1145 2307 vicariam
1170 2239 1297 2308 literam

206 2343 413 2427 perhibent.
464 2341 554 2408 llaec
575 2341 707 2408 saeculo
727 2341 857 2408 demum
876 2351 953 2432 post
971 2351 1116 2408 nostram
1136 2363 1240 2410 aeram
1261 2342 1298 2408 in

208 2446 395 2516 nominihus
423 2443 617 2535 quibusdam
642 2443 786 2534 propriis
813 2443 1024 2535 conspicitur.
1078 2443 1202 2510 Eodem
1227 2445 1299 2512 l'cre

206 2561 353 2641 tempore
387 2543 602 2637 gramm-siet
623 2546 792 2631 vixerunt,
835 2545 893 2636 qui
922 2546 962 2612 de
990 2547 1053 2614 hoc
1084 2545 1299 2616 Doricusiuos

74 2653 78 2662 '
206 2675 297 2720 more
315 2649 535 2736 tradiderunt,
563 2647 775 2732 Heraclides,
803 2645 1010 2716 Herodianus
1037 2657 1072 2714 et
1089 2647 1298 2738 Pamphilus,

207 2754 294 2821 undo
307 2752 493 2841 Hesychius
514 2775 573 2817 sna
594 2751 673 2817 haec
694 2750 804 2822 omnia
823 2749 970 2817 hausisse
990 2749 1138 2836 ridetur,
1158 2750 1194 2816 id
1207 2751 1297 2842 quod

206 2855 308 2922 semel
328 2863 481 2944 apparet,
514 2853 580 2920 vid.
603 2863 672 2917 not.
696 2853 729 2920 8.
787 2851 870 2918 Nam
899 2851 939 2917 ad
969 2851 1169 2942 antiquiores
1189 2877 1297 2942 prast-

204 2956 357 3036 usaticm,
389 2965 426 3020 nt
453 2953 495 3020 sd
520 2953 751 3044 Aristophanis
779 2953 906 3044 glossas
933 2953 1134 3039 Laconicas,
1172 2954 1296 3045 quihus

203 3057 394 3147 Pamphilus
414 3079 494 3123 usus
515 3068 602 3142 erat,
624 3080 704 3122 nnm
725 3079 790 3148 qua
808 3077 920 3123 eorum
941 3056 1111 3124 referenda
1130 3057 1217 3143 sint,
1243 3056 1294 3124 in·

201 3158 416 3228 certissimum
441 3168 502 3226 est.

286 3259 426 3327 Accedit
454 3259 610 3326 disertum
636 3257 678 3324 de
704 3259 830 3328 recenti
857 3261 930 3349 ejus
957 3260 1144 3330 mutationis
1164 3259 1293 3352 origine

205 3361 436 3432 testimonium.
489 3359 688 3428 Scholiastes
715 3362 911 3431 Homericus
943 3364 1023 3442 (vid.
1053 3371 1121 3430 not.
1143 3363 1200 3445 23)
1229 3385 1292 3430 sno

203 3478 348 3556 tempore
368 3461 555 3532 aCretihus
568 3462 712 3542 Βλισσὴν
732 3465 935 3557 pronuntiari
956 3465 1055 3532 tradit
1074 3465 1177 3556 (quod
1189 3487 1292 3556 quum

202 3565 390 3636 llustathius
417 3565 503 3654 apud
530 3573 656 3632 veteres
685 3589 721 3634 se
749 3567 909 3659 reperisse
935 3567 1033 3653 dicit,
1064 3567 1173 3658 ipsum
1201 3568 1291 3634 huuc

202 3667 396 3736 scholiasten
428 3665 606 3756 intelligit).
662 3667 731 3751 Qni
758 3667 834 3759 quis
861 3669 961 3736 luerit
980 3680 1014 3736 et
1034 3692 1098 3760 qua
1118 3677 1220 3734 aetate
1241 3668 1290 3736 vi·

200 3769 285 3837 xcrit
307 3791 490 3858 quanquam
511 3769 683 3838 obscurum
705 3779 774 3856 cst,
797 3777 935 3838 altamsu
956 3771 1012 3838 vix
1023 3781 1098 3836 ante
1109 3769 1291 3838 secundum

201 3881 276 3963 post
296 3881 437 3936 nostnm
458 3895 564 3938 aeram
584 3871 750 3938 saeculum
763 3873 883 3940 vixisse
897 3873 1037 3940 videtur.
1068 3871 1186 3940 Slrsho
1201 3881 1291 3938 certe

200 3972 340 4038 eundem
359 3971 467 4038 locum
488 3971 643 4051 ’otieris
661 3975 806 4060 vocavit,
836 3975 991 4066 dipammi
1011 3975 1044 4042 vi
1064 3998 1125 4066 per
1144 3971 1291 4040 vocalem

199 4082 412 4164 conpressa,
447 4073 560 4141 Crates
581 4073 753 4162 lllsllotcs,
782 4075 965 4144 Aristarchi
986 4075 1207 4155 adversarius,
1239 4074 1289 4140 di·

199 4199 327 4265 pammo
346 4175 467 4242 omisso
487 4176 634 4264 Λωσὴνς
660 4180 746 4245 male
769 4179 857 4246 cuim
877 4177 964 4271 apud
986 4175 1190 4244 Eustathinm
1211 4175 1291 4244 hnic
