2862 4770
210 301 290 378 226
587 297 645 370 De
671 291 922 368 declinatione.
974 307 978 316 ·

213 499 335 568 Dorica
358 497 478 564 dicitur
492 503 541 580 5),
563 519 625 563 nec
647 497 758 566 minua
779 495 892 564 Ionica
914 517 972 558 ecca
987 497 1033 574 θ).
1069 489 1227 580 vulgaris
1250 505 1320 558 ter-

214 603 350 670 minatio
374 599 630 668 describentium
652 601 735 667 vitio
762 599 797 666 in
826 595 933 663 titulis
955 593 1213 686 comptioribus
1237 595 1320 662 sub-

214 706 292 772 inde
312 703 452 792 legitur,
474 713 510 768 ut
532 701 828 792 Corcyr.1845‚b.
850 698 892 767 35
912 703 1076 784 τεχνιτῶν,
1097 721 1198 787 quum
1221 699 1245 764 1.
1261 700 1318 766 16.

214 809 255 874 41
286 817 374 874 recte
403 804 447 870 sit
474 809 629 889 τεχνιτᾶν,
667 805 782 871 Herm.
808 802 912 884 1193,
933 801 976 868 20
1005 801 1159 883 ἑκατέρων
1186 803 1318 878 πολίων,

214 909 303 998 quod
333 905 522 974 Boeclrhius
551 927 617 974 nnn
648 907 786 972 debehat
813 905 1021 996 relinquere,
1072 903 1195 968 Lacon.
1231 902 1319 970 1³3⁴

217 1014 445 1096 Proconnensio
466 1009 508 1074 ab
531 1010 645 1076 eodem
666 1021 827 1076 retentum
849 1021 912 1073 etc.

300 1112 481 1177 Dativns
507 1111 698 1199 pluralis
727 1113 763 1178 in
792 1111 898 1177 titulis
922 1108 1075 1176 omnibus
1096 1107 1225 1197 vulgari
1250 1117 1320 1173 ter-

217 1213 394 1282 minatione
418 1239 469 1290 αις
491 1213 605 1278 utitur.
650 1213 801 1304 Longior
822 1213 924 1278 forma
944 1214 1046 1275 ταῖσιν
1065 1211 1236 1298 legebatur
1248 1210 1317 1298 Ly-

217 1318 306 1384 sistr.
327 1317 430 1398 1268,
454 1315 510 1380 ubi
531 1339 620 1382 nunc
641 1318 710 1390 ταῖς
731 1315 886 1404 scriptum
907 1325 970 1380 est.
1016 1311 1091 1378 Nou
1114 1311 1316 1395 dubitamus,

218 1419 300 1510 quin
324 1419 421 1487 etiam
436 1415 634 1510 Epicharmo
655 1419 713 1485 illa
736 1419 784 1484 uti
805 1417 957 1494 licuerit,
979 1425 1015 1481 ut
1036 1415 1139 1482 simili
1161 1415 1318 1482 termina-

217 1524 306 1589 tione
328 1523 362 1587 in
385 1517 604 1588 declinatione
626 1519 781 1588 secunda.

301 1621 590 1690 Accusativus
618 1622 807 1714 pluralis
836 1623 1028 1712 plerumque
1058 1623 1226 1711 vulgarem
1247 1624 1319 1688 l'or-

218 1749 303 1794 ruam
326 1737 436 1810 tenet3
469 1747 546 1815 pars
568 1725 780 1792 Doriensinm
809 1723 957 1791 ultimam
980 1723 1193 1815 corripiebat,
1225 1725 1319 1814 qnod

219 1829 307 1894 idem
330 1828 484 1892 omnibns
505 1827 613 1916 poitis
635 1827 770 1894 Doricis
791 1828 927 1894 licuisse
948 1827 1102 1910 videtur,
1123 1827 1189 1893 vid.
1211 1827 1244 1910 §.
1256 1829 1317 1910 21,

219 1932 260 2014 13
293 1953 369 2018 pars
390 1927 597 1996 Cretensium
628 1939 661 1995 et
687 1930 910 2020 antiquiores,
943 1941 980 1996 ut
1000 1930 1149 2012 videtur,
1182 1930 1319 2020 Argivi,

218 2029 481 2119 antiquissimam
503 2031 766 2096 terminationem
785 2057 840 2108 nec
851 2031 1066 2117 retinuerant,
1089 2033 1156 2098 vid.
1171 2035 1271 2116 §.¹14,
1286 2034 1317 2098 1.

303 2135 339 2207 4)
384 2131 574 2221 Composita
602 2157 678 2199 cum
710 2133 805 2218 λαός,
848 2135 938 2223 quod
960 2133 1082 2200 Dorice
1104 2135 1138 2200 in
1161 2144 1218 2209 tec
1241 2157 1318 2201 eou-

219 2235 357 2300 trahitur
378 2229 461 2320 (vid.
483 2234 515 2316 ἓ.
538 2235 595 2317 24,
608 2231 665 2321 6),
688 2235 826 2324 primam
847 2234 1100 2302 declinationem
1122 2249 1316 2328 sequnntur,

219 2349 256 2402 nt
278 2335 363 2401 Gen.
386 2334 560 2418 Ἀρκεσίλα
579 2336 696 2425 Argis.
724 2337 764 2403 C.
790 2338 818 2403 1.
849 2361 898 2406 nr.
924 2341 965 2422 2,
994 2335 1167 2421 Ἀριστόλα
1190 2337 1315 2406 Lacon.

220 2439 324 2519 1457,
367 2437 444 2504 Dat.
474 2437 559 2520 Ἰόλᾳ
588 2439 689 2506 Pind.
722 2440 794 2526 111,
824 2440 885 2525 36,
929 2442 1054 2521 Μενέλᾳ
1084 2439 1128 2505 Ν.
1151 2439 1240 2522 Vll,
1262 2441 1316 2518 28,

220 2543 343 2607 Accua.
365 2538 556 2623 Ἀρκεσίλαν
576 2541 729 2634 Astypal.
752 2543 861 2626 2488,
897 2543 981 2610 Voc.
1009 2545 1194 2630 Honceolta
1216 2543 1314 2608 Pind.

220 2645 334 2710 lsthm.
359 2642 394 2727 1,
420 2642 474 2710 58.

616 2944 619 2952 ἱ
707 2864 738 2948 a.
767 2865 821 2931 ro.

560 3019 621 3069 ne
642 2973 900 3070 decltuuttone
917 3017 973 3070 u.

309 3165 341 3244 l)
394 3163 554 3254 Vulgaris
586 3161 688 3231 Doris
720 3163 754 3230 in
787 3167 847 3231 laec
880 3165 1100 3233 declinatione
1131 3167 1173 3233 ab
1207 3169 1318 3235 Attia

222 3265 362 3336 dialecto
383 3265 469 3333 nihil
496 3267 615 3334 diflert.
673 3265 827 3333 Severior
846 3265 949 3334 Doris
968 3270 1148 3358 genitivum
1172 3270 1318 3362 singula·

221 3391 290 3436 rem
313 3369 346 3434 in
370 3395 394 3432 ω
417 3370 589 3452 terminat,
617 3369 685 3435 vid.
709 3367 741 3453 ἓ.
764 3367 828 3452 25,
850 3370 888 3447 8,
918 3382 952 3436 et
974 3371 1165 3461 plerumque
1187 3397 1318 3440 accusa·

221 3464 506 3558 tivum'plurslenr
527 3471 783 3538 masculinorum
805 3482 837 3537 et
857 3473 1090 3540 femininorum
1113 3474 1147 3539 in
1171 3501 1226 3554 ως,
1250 3475 1316 3541 vid.

222 3573 254 3656 §-
278 3571 339 3653 20,
363 3573 395 3639 2.
420 3574 452 3636 d.
503 3573 595 3640 ldem
616 3573 650 3638 in
673 3571 843 3638 nonnullis
864 3576 917 3640 vel
940 3577 1114 3642 severioris
1136 3578 1190 3644 vel
1211 3577 1317 3646 mitio·

222 3673 269 3738 ris
291 3673 427 3738 Doridis
446 3675 624 3762 generibus
652 3675 686 3739 in
716 3701 752 3749 ος
773 3675 967 3766 corripitur,
1001 3679 1069 3745 vid.
1095 3679 1127 3762 §.
1150 3681 1214 3764 21,
1239 3683 1256 3747 1
1285 3691 1317 3747 et

257 3921 285 3985 5)
321 3919 366 3972 Er.
392 3919 432 3974 M·
456 3923 506 3987 46,
530 3923 565 3976 62
586 3921 707 3994 Aeneade
729 3921 899 3994 (tigmine,
934 3927 971 3980 el.
997 3927 1042 3981 Et.
1068 3926 1103 3981 G.
1127 3931 1190 3994 ³17,
1213 3931 1258 3984 6⁰·
1284 3957 1312 3968 -

223 4007 295 4058 Ano.
314 4005 389 4058 Oxx.
408 4005 439 4068 1,
458 4008 522 4073 278,
544 4013 574 4064 Ι7
594 4009 762 4064 Laconicum
782 4011 890 4067 dicitnr
906 4011 1029 4080 nendos,
1049 4030 1123 4070 corr.
1143 4019 1240 4078 μουσᾶν.

256 4095 284 4152 6)
321 4091 366 4145 Et.
381 4093 419 4148 M.
440 4097 483 4158 td,
503 4097 537 4149 59
557 4125 585 4136 -
607 4099 669 4162 507,
689 4100 721 4152 ta
740 4125 773 4138 -
792 4103 854 4166 67¹1,
872 4103 923 4166 41,
943 4101 988 4157 m.
1003 4101 1038 4156 G.
1052 4103 1096 4170 23,
1114 4103 1149 4158 36
1167 4133 1196 4148 -
1218 4103 1313 4168 3866.

222 4179 296 4232 Anu.
315 4179 391 4234 Oxx.
411 4179 441 4244 1,
460 4183 511 4250 22,
531 4183 565 4238 26
583 4209 615 4222 ·-
634 4185 701 4250 239,
723 4189 735 4240 1
757 4213 787 4225 -
808 4189 874 4254 oet,
894 4191 935 4242 11.
