2872 4780
222 342 297 420 118
629 341 686 414 De
711 336 909 414 vocalibus.

222 545 330 637 plicis
352 545 447 614 169⁰.
472 541 566 611 lllll·
591 543 864 614 1705.“17116ι·-
894 539 1010 610 Simile
1027 551 1096 626 est,
1118 541 1210 631 quod
1222 542 1324 610 Pius.

224 647 279 714 01.
303 645 373 730 vl,
397 647 438 712 55
458 645 493 710 in
515 643 642 710 duobus
664 645 759 711 libris
781 645 989 731 βεβραρμένορ
1009 643 1173 732 legitera
1194 647 1326 732 βρέχῃ

222 762 311 816 recte
341 759 450 814 tamen
478 745 666 814 Bocchlr'ius
699 747 787 836 egit,
831 747 920 836 qnod
950 747 1087 812 formam
1116 746 1325 814 incertiorem

222 874 289 918 non
310 851 445 942 recepit.
535 883 541 897 ·
860 879 864 889 ·

275 1015 277 1020 Α
309 955 439 1039 cnoel
458 973 519 1043 pro
542 953 657 1034 φρεσί,
686 969 752 1040 qno
773 950 937 1016 Pindarus
959 951 1062 1016 utitur
1087 951 1155 1017 vid.
1177 950 1323 1018 Βοιὼ.

223 1054 315 1122 Noe.
341 1054 398 1120 Cr.
432 1079 466 1144 p.
491 1055 553 1121 385
581 1065 780 1143 (quenquam
801 1053 888 1118 idem
909 1051 1015 1137 φρήν,
1049 1053 1183 1138 φρενός,
1214 1055 1327 1138 φρένες

224 1157 323 1242 ete),
348 1157 388 1222 ab
402 1156 574 1224 Eustatlrio
590 1155 652 1240 ³2,
675 1154 897 1222 telloneum
919 1155 1121 1245 appellatur,
1146 1180 1207 1224 nec
1226 1157 1325 1224 reale.

223 1257 309 1326 Nam
336 1259 597 1348 antiquissimam
626 1257 772 1346 lingnam
796 1284 816 1321 α
836 1257 872 1322 in
893 1279 931 1322 ea
952 1279 1031 1322 rece
1053 1257 1208 1324 habuisse
1226 1259 1327 1326 verta

224 1359 383 1448 εὕρραίνω
405 1373 439 1427 ct
460 1360 605 1445 ἇφραίνω
626 1359 764 1444 docent3
804 1359 970 1448 antiquam
991 1359 1128 1425 formam
1148 1361 1236 1450 apud
1255 1361 1327 1428 no·

224 1463 351 1531 riennes
380 1463 542 1530 resedisse
573 1485 594 1528 e
619 1461 710 1528 vocis
738 1463 841 1546 ἕρανες
871 1459 1020 1550 analogii
1051 1461 1208 1552 colligere
1234 1463 1326 1548 lieet,

224 1589 288 1634 uec
318 1575 439 1632 temere
471 1563 632 1654 Hesychii
664 1567 825 1648 φρανΙζω,
869 1565 1055 1650 σωφρονίζων
1085 1563 1110 1630 i.
1140 1589 1172 1630 e.
1202 1565 1327 1652 φρενόω

225 1668 385 1736 Doricum
407 1667 521 1734 haberi
541 1666 681 1732 videtur.
741 1665 895 1732 Ceterum
924 1666 1091 1751 conferas,
1122 1689 1206 1756 quae
1227 1668 1261 1752 §.
1289 1671 1329 1739 19

225 1770 266 1837 de
286 1769 403 1852 ποιμήν
424 1769 661 1835 adnotabimus.

266 1899 268 1903 ·
310 1871 494 1958 χ’άραόος
514 1871 603 1937 talrb.
617 1871 749 1938 Her-acl.
774 1870 808 1956 l,
832 1871 885 1938 12.
899 1870 961 1953 25,
984 1869 1041 1936 ubi
1062 1869 1114 1936 via
1133 1893 1330 1941 commemo·

225 1984 317 2040 ratur
338 1972 390 2038 doni
410 1978 455 2038 coi
473 1973 629 2060 χαράδεος
650 1973 777 2056 dyona,
813 1971 1005 2039 Mezooclrio
1032 1983 1153 2038 temere
1174 1997 1287 2042 vocem
1310 2003 1329 2044 a

225 2075 384 2161 χαραδεύς
405 2075 591 2158 derivante,
626 2074 714 2164 quod
734 2074 894 2140 Doricum
925 2073 1120 2141 vocabulum
1140 2097 1212 2142 esee
1233 2077 1328 2166 fingit

226 2177 375 2264 ejusdem
396 2200 492 2266 qnam
513 2175 660 2264 χαράδρα
683 2176 954 2266 significationis,
976 2177 1087 2268 potius
1103 2176 1259 2244 Doricum
1276 2191 1329 2248 est

225 2301 287 2370 pro
317 2279 451 2364 χέραδος
483 2279 583 2346 llom.
609 2279 650 2344 lt.
680 2305 722 2362 φ,
747 2279 810 2346 319
838 2279 882 2346 cl.
915 2279 1044 2370 Spitsn.
1074 2279 1155 2348 Eue.
1176 2279 1326 2368 xxxtl,

225 2381 336 2471 itaque
368 2381 460 2446 littus
494 2379 690 2446 maritimum
722 2380 905 2470 signifieat,
945 2381 1101 2466 calculis,
1138 2405 1254 2468 uena,
1295 2395 1329 2452 et

226 2507 442 2574 quaecuuque
463 2507 550 2548 mare
573 2483 783 2574 superiorum
806 2483 992 2574 relinquere
1014 2483 1099 2550 solet
1119 2495 1251 2552 tectum.

311 2585 447 2652 Praeter
473 2586 553 2650 lrrec
575 2583 757 2652 Dorienses
781 2590 800 2650 ἅ
827 2610 887 2676 pro
909 2585 1037 2674 vulgari
1059 2610 1073 2650 e
1094 2589 1267 2676 proles-unt
1294 2589 1330 2656 in

226 2685 388 2754 adverbiis
417 2686 506 2772 loci,
530 2711 613 2777 qnae
642 2687 677 2752 in
700 2697 747 2752 no
768 2713 827 2778 pro
851 2697 890 2752 θε
912 2698 1052 2772 excune,
1077 2701 1113 2754 ut
1135 2690 1247 2756 droco
1269 2715 1329 2782 pro

227 2789 351 2868 dende,
385 2800 418 2854 et
445 2789 608 2855 adverbiis
638 2791 793 2879 temporis
823 2815 896 2856 curn
926 2789 1156 2858 terminatione
1186 2819 1248 2859 osc
1268 2817 1330 2884 pro

226 2913 295 2973 ore,
325 2899 361 2954 ut
382 2889 496 2954 ἅλλοκα
519 2915 579 2978 pro
602 2892 706 2956 citiore
735 2892 802 2958 vid.
826 2893 858 2975 ἓ.
882 2893 936 2960 ll.
988 2893 1227 2962 Heracleenses
1248 2897 1330 2962 adeo

224 2989 339 3056 tertiae
369 2990 598 3058 declinationis
627 2993 770 3058 dativum
798 2991 957 3082 pluralem
986 2994 1022 3060 in
1054 3019 1131 3062 ceos
1155 3009 1330 3066 exeuntem

225 3091 363 3170 habent,
407 3115 505 3182 quem
534 3093 636 3158 Doris
665 3095 773 3159 minos
806 3119 918 3162 severa
946 3096 981 3161 iu
1012 3121 1102 3182 roos,
1139 3109 1176 3170 ut
1203 3099 1332 3166 ἔπασσι

227 3215 289 3284 pro
303 3191 442 3260 e’o'rtrooc
454 3194 522 3261 vid.
539 3195 571 3280 ξ.
586 3196 641 3281 30,
660 3198 694 3286 Ι3.
717 3231 757 3246 -
778 3197 830 3264 De
848 3198 979 3265 Cretico
993 3199 1077 3276 τάως
1090 3223 1149 3290 pro
1164 3203 1328 3278 croc-rid.

226 3296 258 3380 §.
273 3297 328 3376 24,
344 3297 378 3380 8,
402 3297 442 3362 de
458 3297 588 3366 Cretico
612 3297 709 3382 ἇέρσα
732 3323 792 3390 pro
814 3307 910 3383 ἕρση,
935 3303 1026 3386 ἐέρση
1051 3313 1081 3380 ᾗ.
1102 3305 1135 3386 5,
1159 3305 1191 3370 7.
1236 3305 1330 3372 Alie·

225 3421 305 3464 nunr
327 3399 367 3465 eb
389 3401 451 3466 lroc
473 3401 547 3467 loeo
569 3411 620 3466 est
640 3429 700 3486 so,
723 3403 818 3490 cujus
840 3403 961 3470 vocalis
975 3403 1178 3494 producitur,
1201 3431 1261 3496 pro
1277 3407 1327 3482 ris,

224 3525 259 3565 se
279 3501 346 3568 vid.
370 3503 402 3587 ξ.
426 3504 481 3570 15.

310 3603 479 3671 Nonnulla
500 3631 519 3672 a
540 3607 757 3696 grammaticis
780 3608 862 3674 male
876 3633 936 3698 pro
957 3609 1090 3676 Derieis
1108 3610 1329 3696 venditantur,

227 3716 263 3770 ut
292 3704 438 3788 ἆμριᾶζω
471 3709 577 3791 (Anu.
603 3708 691 3776 (lxx.
715 3710 768 3793 ll,
792 3711 855 3778 339
886 3724 919 3777 et
948 3713 999 3778 Et.
1026 3711 1160 3796 G.·l8,
1182 3715 1239 3790 11)
1268 3739 1331 3804 pro

226 3806 365 3888 ἀμριέζω
388 3809 411 3872 1.
436 3833 466 3873 e.
492 3809 674 3894 ἆμριέννυμι
693 3812 815 3878 dietrrnr
837 3814 973 3892 volunt,
996 3839 1097 3905 quum
1119 3815 1228 3904 potina
1248 3815 1332 3882 Ale·

226 3907 384 3974 xandrina
412 3933 475 3975 vox
504 3912 548 3976 sit
578 3909 657 3998 (vid.
684 3913 794 3980 Sturz.
827 3916 867 3980 de
891 3917 967 3982 dial.
991 3917 1120 3984 Maced.
1154 3942 1188 4006 p.
1214 3919 1278 3986 146
1298 3929 1334 3986 et

224 4007 344 4074 Jacobs
381 4011 421 4076 ad
436 4011 545 4078 Goell.
569 4039 603 4104 p.
619 4011 695 4093 259)
718 4017 758 4080 ab
781 4015 862 4098 α’μρί
882 4018 1024 4086 derivate
1046 4029 1083 4085 ut
1105 4017 1238 4093 ἀντιάζω
1261 4031 1331 4104 aut,

226 4111 259 4176 id
280 4112 368 4201 quod
391 4115 486 4180 nobis
508 4117 611 4204 megia
636 4117 762 4206 placet,
802 4143 820 4182 o
843 4121 953 4187 luturo
977 4121 1207 4206 iuuenilem,
1242 4121 1334 4210 quod

222 4213 262 4278 alr
293 4215 439 4298 ἀμριάζω
473 4217 669 4286 descendere
701 4233 877 4310 putarunt,
922 4236 958 4290 ut
989 4229 1071 4290 uslei
1102 4247 1121 4288 a
1150 4221 1270 4300 celrico»
1300 4237 1336 4294 et
