2866 4766
288 288 398 426 §.ln
434 338 492 411 ue
509 334 693 412 arvernis
714 335 787 411 1001
805 350 841 410 et
857 337 1045 436 temporis.
1136 337 1213 418 ser

115 539 309 626 ἔμπροσθα,
342 539 474 627 ἔνερθεν,
507 541 654 628 despue,
688 541 828 619 ὄπισθεν,
864 563 1003 632 quornm
1029 564 1106 632 pars
1126 542 1213 611 inter

113 641 276 710 Doricam
306 652 339 708 et
358 643 554 711 Lesbiacam
582 643 758 710 dialectum
785 643 936 734 ambigue
966 654 1028 710 est.
1081 645 1214 712 Deinde

16 795 17 798 ,
113 748 276 835 leguntur
295 745 333 816 in
355 747 444 812 labb.
467 745 601 814 Heracl.
624 745 675 830 Β,
699 746 751 812 17.
788 745 824 830 l,
847 747 889 814 39
917 747 1028 812 ἄνωθεν
1057 759 1091 812 et
1119 747 1155 826 l,
1178 750 1211 816 9.

16 897 17 912 r
114 849 160 916 52
182 848 363 934 ἔμπροσθα.
407 847 534 914 Eodem
556 849 722 938 pertinent
743 846 903 938 Hespebii
925 849 1055 939 glossae
1072 849 1214 916 Laconi·

16 1001 20 1034 ,
114 975 197 1016 caer
232 951 397 1034 ε’ξέσας,
421 949 555 1026 ἔξωθεν·
578 950 753 1034 Λάκωνες,
786 951 843 1016 ubi
866 973 941 1016 cum
962 951 1213 1020 Hemeterbusio

16 1105 19 1140 2
115 1052 210 1129 ἕξεσα
242 1052 268 1118 i.
292 1073 323 1116 e.
357 1050 454 1128 ἔξεθα
483 1052 714 1141 corrigendum
743 1075 817 1120 esse
846 1053 927 1120 satis
959 1053 1082 1120 evincit
1112 1055 1214 1122 altera
1343 1067 1348 1090 '

16 1205 18 1244 4
117 1155 231 1244 glossa
252 1176 356 1243 ecque
377 1153 569 1222 Laconibus
590 1155 788 1222 vindicando
808 1154 972 1234 ἔντεσα,
997 1155 1117 1222 ἔσωθεν
1137 1147 1163 1223 iss
1180 1181 1211 1224 e.

16 1317 18 1342 q
117 1255 250 1334 ἔπεθα,
280 1254 423 1334 ἔνεσθεν,
453 1255 611 1322 ἔντοσθεν.
657 1257 765 1324 Simul
785 1257 910 1325 vocalis
930 1259 1141 1328 mutationem
1162 1260 1214 1326 in·

115 1380 194 1424 esee
214 1357 318 1424 vides.
372 1357 500 1426 Similis
523 1361 634 1449 glossa
661 1357 831 1435 ἔξσυθα,
869 1358 958 1436 ἐντός
985 1360 1009 1424 i.
1034 1383 1065 1426 e.
1096 1360 1214 1438 ἔξωθεν

114 1471 251 1552 propter
282 1485 307 1524 ω
338 1458 375 1526 in
407 1485 444 1526 συ
471 1473 629 1528 mutatum
658 1461 853 1529 Thessalica
880 1461 994 1528 baberi
1022 1464 1140 1553 possit.
1170 1503 1213 1518 -

117 1562 243 1630 Contra
265 1561 394 1628 ἄπωθεν
414 1573 501 1628 certa
521 1563 748 1630 emendatione
769 1576 880 1630 nostra
900 1563 1098 1654 Epicharmo
1118 1569 1214 1634 reati·

115 1677 224 1732 tutum
245 1677 295 1732 est
316 1666 359 1730 l'r.
385 1663 464 1750 153,
500 1688 609 1758 neque
639 1689 695 1732 eas
714 1667 857 1746 formas,
891 1690 975 1756 quse
996 1679 1072 1758 post
1091 1695 1109 1733 ν
1130 1669 1212 1736 naci·

114 1779 187 1834 tum
209 1793 230 1832 α
250 1767 287 1833 iu
310 1791 325 1831 ε
344 1776 495 1850 mutant,
528 1792 547 1834 a
568 1767 696 1836 Doride
724 1768 882 1836 alieniora
911 1769 1018 1836 inisse
1046 1769 1213 1838 existima·

115 1893 191 1936 mus
212 1893 308 1960 quam
331 1893 349 1934 a
371 1869 535 1936 Lesbiaco
557 1871 697 1938 dieleeto
720 1871 764 1936 cl.
787 1869 990 1956 L.1§·.29,
1012 1873 1046 1937 2.
1076 1915 1120 1928 -
1150 1873 1213 1942 Ce-

16 1965 17 1976 ’
116 1984 224 2040 terum
246 1972 371 2038 abhoc
392 1972 621 2040 adverbiorum
643 1995 764 2060 genere
792 1997 829 2040 ee
852 1971 982 2042 diversa
1002 1997 1097 2060 esee,
1131 1999 1215 2066 quae

116 2097 194 2140 cum
216 2073 459 2162 significatione
479 2075 546 2142 loci
566 2074 675 2140 unde
693 2099 753 2165 per
771 2074 1033 2142 terminationem
1043 2086 1101 2143 θεν
1115 2079 1214 2146 etiam

16 2259 18 2270 Ι
116 2177 205 2267 apud
225 2175 368 2242 Lesbios
390 2189 423 2244 et
443 2177 551 2244 Dores
573 2201 592 2244 a
613 2177 805 2244 nominibus
827 2189 860 2244 et
880 2177 1132 2268 pronominibus
1154 2181 1214 2248 dn·

117 2289 256 2362 cuntur,
278 2277 403 2345 ibidem
427 2290 459 2346 et
480 2280 565 2346 inl'ra
587 2303 639 2344 nr.
664 2279 706 2346 10
725 2279 872 2346 docetur.
916 2280 988 2364 Ea,
1011 2303 1095 2372 quae
1115 2281 1215 2350 modo

116 2381 455 2464 commemoravimus,
477 2405 495 2447 a
517 2383 817 2472 praepositionibus
836 2380 1055 2460 descendunt,
1078 2395 1115 2450 ut
1129 2409 1214 2474 qnae

116 2483 153 2549 in
170 2483 283 2571 lingue
298 2482 466 2550 Sauscrita
480 2481 779 2573 praepositionibus
794 2485 944 2550 snbixnm
965 2495 1047 2550 stat
1068 2485 1212 2552 adduntr

16 2599 17 2630 ³
118 2597 308 2670 avertat,
334 2583 466 2650 ὄπισθεν
487 2585 528 2650 ab
550 2609 624 2650 ava
641 2625 683 2638 -·
704 2583 992 2673 uparieebtet,
1014 2587 1151 2670 ὕπερθεν
1171 2589 1213 2654 ab

16 2707 18 2738 1
118 2687 251 2778 upari.
304 2685 378 2754 Jaur
406 2686 568 2776 intelligis
596 2685 683 2752 inter
704 2686 846 2752 Graecas
877 2687 984 2753 suffixi
1014 2689 1136 2756 formae
1158 2715 1214 2756 en·

16 2807 17 2820 ¹
117 2791 293 2880 tiqniorem
323 2814 399 2856 esse
429 2799 495 2854 σθα
523 2789 578 2856 vel
609 2798 704 2864 σθεν,
745 2789 960 2856 recentiorem
988 2799 1036 2856 θα
1059 2793 1115 2860 vel
1142 2803 1211 2871 θεν,

116 2917 221 2984 eaque
244 2893 359 2960 suffixa
380 2893 481 2960 variis
504 2891 673 2960 vocalibus
694 2915 769 2958 cum
789 2891 1093 2983 praepositionibus
1110 2891 1213 2986 jungi

117 2996 237 3064 solere.

16 3223 17 3238 q
201 3152 237 3232 7)
280 3151 408 3219 Locum
440 3149 483 3217 in
515 3174 633 3242 quem
662 3161 744 3216 teste
772 3149 949 3218 Ammonio
981 3147 1063 3239 (vid.
1098 3151 1211 3220 not.1

16 3239 17 3332 ζ
118 3257 218 3334 extr.)
241 3255 427 3342 significant
447 3259 499 3320 nii
507 3281 540 3332 ς,
564 3253 661 3341 cujus
684 3255 870 3345 exemplum
891 3278 910 3320 e
930 3253 1102 3346 Sophronc
1122 3254 1214 3320 addit

119 3356 162 3424 fr.
186 3357 249 3440 91,
264 3351 315 3423 'et
341 3359 422 3426 noi.
477 3355 589 3446 Hujus
616 3355 652 3421 in
681 3357 790 3423 lorum
809 3359 856 3438 πᾷ
876 3357 1115 3422 restituendum
1138 3379 1212 3423 esse

118 3483 196 3526 mox
216 3459 428 3546 docebimus3
456 3459 496 3526 de
517 3461 618 3526 ultera
639 3455 865 3524 adverbiorum
886 3461 991 3524 forme
1011 3457 1134 3524 Dorica
1156 3483 1213 3526 ne·

118 3584 173 3628 mo
194 3571 359 3651 praeterea
388 3559 542 3650 antiquus
571 3559 748 3652 quidquam
775 3559 893 3640 tradit,
927 3558 986 3625 sed
1012 3562 1085 3635 σοῖς
1111 3561 1212 3628 corri-

122 3661 266 3754 pendum
295 3685 370 3730 esse
400 3674 433 3729 et
460 3663 594 3730 omnino
624 3661 784 3728 Doridem
814 3661 1040 3729 terminatione
1073 3687 1121 3738 ονς
1152 3687 1212 3753 pro

119 3763 251 3855 vulgari
279 3786 311 3830 or
341 3789 432 3830 usam
462 3787 535 3830 esse
557 3763 781 3854 liquidissime
804 3763 922 3830 docent
946 3763 1036 3839 tituli
1055 3762 1212 3855 Delphici

120 3891 172 3933 nr.
198 3864 291 3936 1699.
316 3867 410 3935 1793.
435 3865 529 3934 1795.
555 3865 662 3952 1796,
702 3864 761 3933 nbi
787 3868 891 3934 forma
921 3864 1136 3956 ἀποτρέχουσα
1164 3870 1213 3944 οἷς

128 4041 364 4056 ———-———

39 4197 44 4210 ,
119 4143 258 4218 πρόσθεν
279 4143 377 4202 dieunt
395 4145 440 4200 ecl
455 4142 486 4202 ri
503 4146 580 4200 ἔνθεν
595 4147 701 4216 Μεθ’,
726 4163 843 4216 quornm
862 4147 916 4203 noc
935 4147 1025 4202 minue
1043 4155 1119 4201 recte
1137 4141 1212 4198 inter

117 4232 226 4290 Dorica
242 4233 374 4292 retertur.
