2814 4760
198 345 275 428 tlt
417 348 472 443 .§.
501 347 563 428 49.
614 353 672 430 Du
701 353 887 432 severiore
911 357 1062 438 Doride.

686 557 721 644 §-
747 560 803 628 n.

526 723 588 776 lte
605 723 796 775 assertore
813 721 970 778 Doride·

283 877 319 959 1)
362 871 536 941 severiore
558 869 696 938 Doridis
718 893 840 962 genere
860 867 1014 938 Laconas
1036 871 1091 940 asi
1112 887 1213 964 suat,
1236 879 1305 948 ita-

199 979 299 1048 liotae
317 974 435 1043 Dorici
456 973 514 1055 (de
528 971 718 1039 Tarentinis
740 972 947 1064 potissimum
970 988 1099 1043 constat
1119 1003 1306 1073 eurumque

198 1081 327 1150 unionis
348 1075 663 1160 nunciantibus),
698 1073 899 1160 Cretenses,
931 1075 1106 1166 Cyrenaei.
1161 1081 1215 1149 Eo
1234 1108 1304 1150 ma.

198 1185 285 1250 xime
309 1177 546 1272 distinguitur,
582 1175 672 1269 qnod
699 1199 759 1266 pro
782 1177 999 1268 diphthongis
1021 1203 1045 1244 et
1070 1193 1104 1247 et
1126 1207 1184 1264 ov,
1217 1209 1302 1275 quas

171 1364 178 1375 ,
198 1285 311 1354 mitior
331 1279 434 1350 Doris
455 1303 529 1348 oum
544 1277 621 1346 lade
643 1291 676 1344 et
688 1276 826 1346 Atthide
848 1301 1038 1346 communes
1059 1281 1180 1351 babere
1202 1289 1302 1372 solet,

198 1413 296 1478 saepe
318 1384 499 1454 seeundum
522 1391 628 1448 eertas
649 1379 806 1470 quasdam
835 1381 946 1471 leges,
979 1379 1022 1446 de
1047 1383 1174 1472 quibua
1202 1413 1302 1482 expo-

198 1492 326 1558 suimus
346 1487 380 1572 §.
404 1485 448 1554 2⁰
470 1495 503 1551 et
523 1481 587 1567 25,
620 1481 740 1574 longas
768 1481 901 1549 vooaiea
930 1509 949 1561 η
972 1495 1052 1549 eto
1082 1487 1229 1575 profert,
1261 1503 1302 1556 nt

197 1603 280 1660 ἵππω
311 1613 372 1682 pro
393 1595 505 1668 ἵππου,
538 1579 615 1668 ἦμεν
644 1607 705 1674 pro
734 1583 814 1668 εἶμεν
841 1583 865 1650 i.
889 1608 921 1649 e.
952 1581 1042 1653 airas.
1097 1587 1173 1673 Qua
1200 1589 1234 1654 in
1260 1615 1301 1658 re

198 1695 346 1764 severior
366 1690 469 1757 Doris
491 1687 661 1779 conspirat
679 1711 756 1754 enm
779 1686 930 1754 dialectis
950 1687 1120 1756 Arcadum
1148 1701 1196 1774 et,
1227 1691 1297 1758 nisi

198 1797 315 1907 opinio
346 1817 409 1862 nos
439 1789 583 1876 fefellit,
616 1789 794 1874 Eleorum,
830 1787 950 1854 deinde
977 1787 1195 1876 Lesbiorum,
1228 1793 1295 1858 nisi

200 1925 304 1992 qnnm
324 1895 524 1988 liquidarum
547 1890 802 1984 geminationem
830 1889 897 1958 sibi
926 1891 1090 1981 propriam
1119 1894 1238 1961 babent
1260 1907 1300 1962 ut

199 2002 348 2086 ἔμμεναι,
373 2008 539 2088 postremo
559 1995 780 2073 Boeotorum,
803 2005 1028 2084 praeterquam
1053 1993 1143 2086 qnod
1163 2023 1205 2078 η,
1227 1998 1301 2064 ubi·

196 2125 328 2192 eunque
350 2110 401 2168 est
423 2099 457 2164 in
480 2098 644 2165 severiore
665 2095 814 2182 Doride,
848 2097 884 2162 in
914 2120 942 2161 es
964 2107 1128 2164 mutantes
1150 2101 1300 2191 volgaria

195 2203 334 2274 Doridis
354 2199 609 2268 similitudinem
641 2206 838 2288 receperunt
866 2209 903 2264 ut
928 2197 964 2264 in
996 2195 1088 2282 siper.
1120 2218 1167 2254 -·
1206 2203 1299 2288 Alia,

195 2305 367 2400 quaejam
390 2302 675 2388 enumerabimus,
698 2297 913 2383 Laconibus,
939 2299 1103 2388 ltaliotis,
1131 2303 1300 2373 Cretensi·

194 2411 259 2478 bus
281 2405 467 2475 eommunia
490 2402 594 2471 fuisse
617 2403 762 2488 seimus,
785 2425 887 2494 quum
910 2401 951 2469 de
967 2402 1148 2495 Cyrenaeis
1166 2421 1302 2499 propter

195 2509 339 2578 fontium
362 2508 531 2600 penuriam
554 2531 620 2574 non
653 2516 794 2574 constet.
850 2502 1000 2572 Primum
1031 2507 1195 2599 digamma
1224 2524 1300 2602 post

194 2613 333 2706 primam
349 2611 490 2680 Doridis
511 2621 647 2677 aetatem
668 2609 704 2675 in
721 2607 794 2675 solo
816 2607 981 2676 severiore
1004 2633 1146 2700 genere,
1168 2611 1298 2681 turbato

194 2726 304 2782 tamen
332 2737 417 2792 usn,
451 2713 620 2804 eliquanto
650 2710 776 2778 diutius
804 2709 928 2776 resedit
946 2723 981 2777 et
1000 2711 1128 2779 receuti
1149 2725 1298 2806 tempore

195 2817 232 2883 in
255 2827 277 2902 β
296 2827 454 2883 mutatum
476 2827 528 2882 est
554 2825 620 2881 tam
642 2813 677 2879 in
698 2811 815 2904 prin'a
836 2835 935 2902 quan
955 2813 992 2878 ia
1014 2813 1136 2881 mediis
1156 2817 1298 2884 voeabu-

194 2919 259 3002 iis,
290 2939 391 3008 quum
413 2916 552 3008 Argivi,
575 2911 783 3006 Pamphylii,
807 2911 1026 3005 Spraenaaui,
1058 2917 1116 3008 qui
1139 2929 1216 2985 aaut
1237 2919 1297 2987 mi·

193 3019 289 3087 tioris
309 3017 470 3097 Doridis,
507 3018 541 3083 in
568 3015 690 3084 mediis
717 3027 842 3084 unum
870 3019 1009 3085 vocibus
1038 3019 1141 3110 idque
1168 3045 1244 3088 raro
1270 3031 1298 3106 ,t

193 3145 255 3216 pro
276 3120 412 3211 antiquo
434 3121 596 3212 digamma
618 3117 785 3212 accepisse
804 3120 979 3188 uideantur
999 3121 1066 3188 sid.
1090 3121 1124 3205 9.
1140 3121 1175 3208 5,
1195 3123 1230 3191 9.
1253 3161 1294 3178 -

194 3225 284 3293 'tum
304 3236 456 3292 notamus
485 3221 733 3292 assimitatiauis
761 3245 903 3290 amoram
933 3222 1119 3316 quendam,
1152 3235 1191 3291 nt
1210 3225 1292 3293 bae.

192 3327 295 3413 ἆκκόρ
313 3351 375 3418 pro
397 3325 516 3406 ἀσκός,
548 3325 628 3393 Tar.
654 3325 843 3412 'Appmoo
870 3347 931 3417 pto
953 3325 1166 3412 Ἀφρασᾳος,
1198 3327 1290 3396 Cret.

188 3432 318 3507 Adnue
338 3455 399 3526 pro
420 3429 548 3506 Λύκιος
581 3427 651 3496 uid.
673 3429 706 3513 ἓ.
731 3429 792 3514 13,
814 3429 847 3496 4.
878 3469 922 3480 -
963 3427 1040 3496 Non
1067 3429 1180 3496 ιιιίιιιιι
1201 3453 1292 3497 seve·

190 3533 275 3601 riori
289 3531 411 3600 Doridi
432 3529 610 3625 peeniiaria
633 3543 685 3598 eet
705 3531 868 3599 voeaiinm
890 3555 923 3597 eo
945 3529 981 3596 in
1003 3557 1034 3598 tu
1054 3543 1113 3597 ant
1136 3559 1175 3596 tm
1196 3545 1291 3600 eata

188 3645 251 3702 aut
273 3661 297 3699 ω
319 3647 354 3702 et
373 3636 537 3706 vocalium
559 3659 600 3700 so
627 3633 665 3700 in
694 3659 731 3698 ιω
759 3633 914 3710 mutatio,
949 3655 1136 3725 quanquam
1165 3635 1201 3700 in
1230 3637 1291 3704 boa

189 3737 269 3828 ipso
288 3737 363 3804 loro
384 3737 586 3805 differentiae
606 3735 764 3829 quaedam
788 3746 976 3828 spectantur
994 3735 1064 3804 vid.
1085 3735 1190 3821 Μ,
1208 3738 1240 3803 1.
1255 3739 1288 3804 2.

191 3881 235 3895 -
255 3839 426 3908 Postremo
448 3840 596 3907 omittere
616 3837 770 3906 nolumus
792 3839 932 3906 rariores
953 3838 1075 3905 fortnas
1095 3839 1162 3916 αἰὲς
1182 3849 1218 3905 et
1238 3839 1290 3916 ris'e

187 3965 252 4036 pro
275 3939 324 4006 dei
343 3941 411 4008 vid.
433 3939 465 4028 fi.
482 3941 538 4026 to,
556 3943 595 4021 1,
618 3951 652 4009 et
669 3953 879 4030 angmentum
899 3969 920 4022 η
942 3940 1194 4032 pronominibus
1214 3965 1289 4034 pa·

187 4043 362 4114 sonaiibns
383 4043 528 4111 additum
550 4055 588 4110 ut
608 4043 704 4129 s’yoim
727 4052 761 4110 et
784 4043 892 4128 ipim,
914 4043 1005 4135 quad
1020 4067 1123 4136 quum
1136 4043 1286 4112 baeouea

187 4157 225 4216 et
243 4147 417 4215 Tarentini
437 4169 614 4238 usurpasse
634 4145 821 4230 tradantur,
843 4145 1016 4214 universae
1038 4145 1195 4213 severiori
1215 4145 1286 4214 Do-

190 4249 256 4316 ridi
275 4249 442 4318 vindiaare
462 4247 621 4316 audemus
641 4249 709 4317 rid.
732 4247 765 4332 ἕ.
789 4247 855 4333 ³2,
877 4247 909 4318 5.
