2866 4766
231 357 308 436 382
497 353 529 446 §.
552 355 612 431 45.
656 355 713 430 De
735 351 852 428 variis
870 352 1072 450 particulis.

233 567 264 630 ri
284 591 326 631 κα
347 565 428 650 λέγοι
449 589 515 642 τις,
553 585 586 631 v.
611 561 696 630 1105
726 562 786 626 κᾶν
808 565 879 641 λη”τε
907 562 942 627 ἴα
970 565 1026 626 καῖ
1045 565 1116 640 λῆτε
1144 559 1213 627 riri.
1236 561 1271 646 5.
1297 563 1338 630 42

234 676 303 733 not.
328 667 388 750 11,
422 690 455 733 v.
482 667 544 735 165
575 666 634 730 κᾶν
663 665 696 728 ἔκ
717 665 774 740 τᾶς
795 667 892 749 ταγᾶς
913 663 987 752 ἔλσῃ
1016 663 1129 754 paulic
1156 663 1337 732 violentius

233 770 269 834 in
292 767 379 832 soia’
402 771 436 834 ἐκ
457 773 524 844 ταῖς.
576 767 659 834 Item
682 767 829 832 Acheru.
852 767 917 834 757
943 791 1004 856 pro
1036 765 1106 832 ἄλλ’
1129 767 1167 831 ὅν
1188 775 1337 857 παχυνθῇ

233 871 333 938 facile
361 871 547 938 restituitur
585 868 654 935 ἀλλ’
689 871 724 933 αἰ
752 871 911 956 παχυνθῇ.
968 867 1071 958 Apud
1102 870 1336 936 Archimedem

234 973 321 1038 hauri
342 995 417 1038 raro
434 973 472 1038 ἄν
485 995 504 1038 e
518 971 650 1061 vulgari
665 970 780 1060 lingua
793 979 964 1060 acceptum
974 985 1054 1038 'esse
1068 994 1135 1038 nou
1151 971 1335 1038 miraberis.

319 1075 431 1164 itaque
465 1075 610 1166 genuina
639 1073 741 1140 Doris
773 1075 903 1163 ignorat
932 1072 970 1137 ὅν
1001 1083 1034 1138 et
1065 1095 1338 1165 quorumcunque

231 1187 357 1267 partem
381 1200 419 1242 ee
440 1178 602 1267 particula
624 1176 741 1260 efficit,
775 1177 830 1241 ἴαῖκ
854 1176 925 1243 sive
948 1174 1003 1255 ὅν,
1040 1175 1133 1260 ὅταν,
1167 1177 1246 1256 ἐπήν
1270 1180 1336 1243 sive

232 1279 329 1365 ἐπάν,
360 1291 473 1346 contra
496 1281 619 1371 ubique
640 1277 802 1368 particula
824 1295 865 1341 κα
886 1276 990 1343 utitur
1011 1277 1151 1368 ejusque
1174 1279 1336 1370 composi·

230 1382 276 1448 fis
299 1384 394 1460 αἴκα,
432 1381 511 1448 ὅκκα
538 1405 599 1472 pro
629 1381 691 1446 ὅκα
720 1403 782 1464 κα,
817 1381 945 1464 tustra,
988 1381 1112 1446 rectius
1142 1381 1232 1446 euim
1264 1383 1336 1446 αἴκα

233 1507 332 1576 quam
356 1487 393 1548 αἴ
410 1509 451 1548 κα
472 1495 505 1550 ct
526 1485 667 1550 fortasse
689 1483 797 1546 ἴκελκα
825 1501 924 1572 quam
955 1483 1022 1546 ἐκεῖ
1041 1505 1083 1546 κα
1103 1483 1225 1568 scribi,
1262 1507 1335 1551 mox

232 1587 543 1652 demonstrabimus.
592 1584 691 1651 Nunc
714 1583 754 1650 de
778 1582 940 1672 simplicia
962 1583 1142 1674 particulae
1164 1587 1269 1652 forma
1291 1587 1335 1652 vi·

233 1689 376 1756 deudum
412 1692 473 1754 est.
528 1685 742 1754 Grammatiei
771 1685 868 1752 etiam
898 1709 950 1750 κεν
980 1683 1142 1752 Doricum
1171 1711 1244 1754 erse
1271 1699 1334 1753 tra·

233 1793 316 1858 dunt
330 1789 373 1878 ²),
398 1813 481 1880 quae
501 1789 605 1855 iorma
622 1787 800 1855 Theocrito
821 1784 992 1854 familiaris
1015 1811 1032 1854 a
1054 1789 1245 1878 purioribus
1263 1790 1334 1856 ion·

231 1894 322 1960 tibus
344 1894 450 1960 aliena
473 1901 546 1975 est,
578 1901 611 1957 et
631 1889 807 1974 miramur,
839 1911 897 1956 eur
918 1890 1120 1980 Apollonias
1143 1917 1196 1958 κεκ
1217 1917 1278 1984 pro
1301 1911 1334 1956 aa

232 1994 536 2085 frequentissimum
566 1993 653 2083 apud
675 1995 856 2060 flomerum
884 1991 1047 2060 eDorica
1076 1993 1215 2060 dialecto
1246 2017 1335 2085 repe-

232 2109 302 2165 tere
323 2096 477 2162 voluerit.
532 2096 626 2162 ldem
649 2093 848 2185 Apollonius
864 2097 892 2174 8)
924 2119 966 2159 κα
987 2097 1132 2162 vocalem
1154 2095 1334 2186 producere

232 2201 341 2266 docet.
384 2198 483 2266 Nunc
505 2209 538 2264 et
559 2199 700 2288 simplex
722 2220 763 2261 κα
783 2209 816 2262 et
837 2198 1091 2286 compositorum
1115 2199 1232 2264 ultima
1252 2197 1333 2290 apud

233 2307 348 2392 potitae
380 2324 509 2392 semper
535 2301 603 2365 iere
631 2297 878 2389 producuntur,
913 2310 950 2364 ut
971 2300 1090 2391 Epich.
1115 2301 1169 2367 91.
1195 2301 1263 2369 137
1283 2311 1329 2378 ast,

234 2402 273 2481 ἇς
295 2413 337 2468 κᾶ
358 2403 419 2488 19,
454 2403 528 2468 αἴκᾶ
549 2401 601 2469 19.
627 2403 700 2468 111.
727 2402 789 2469 154
818 2401 915 2480 (ὅκκα
938 2401 1000 2468 115
1028 2401 1216 2492 ambiguam
1248 2429 1333 2472 mer·

233 2529 344 2573 suram
372 2507 502 2588 hahet),
541 2502 689 2571 Acharn.
712 2505 786 2573 793.
810 2505 873 2572 765
904 2499 965 2589 ut,
1000 2505 1142 2596 Lysistr.
1175 2507 1334 2574 171.18t

233 2617 278 2675 καῖ
299 2633 341 2675 ex
362 2607 589 2674 emendatione
612 2620 744 2693 nostra,
777 2607 919 2674 Theocr.
944 2609 1010 2672 ἐπεί
1030 2605 1071 2672 κα
1097 2608 1150 2694 11,
1174 2609 1261 2694 1⁰0,
1296 2611 1334 2684 ric

235 2713 280 2779 καῖ
300 2711 347 2794 Il,
368 2711 449 2795 112,
473 2715 546 2776 αἴκα
567 2711 582 2776 l
593 2759 604 2795 ,
623 2713 656 2779 1.
672 2711 701 2778 5.
714 2711 746 2778 9.
767 2710 830 2794 61,
853 2709 924 2794 ili,
947 2707 1008 2794 27,
1031 2709 1077 2792 7,
1099 2709 1161 2796 20,
1193 2709 1262 2797 xl,
1282 2713 1332 2794 61,

235 2816 316 2882 ὅκκὰ·
331 2813 429 2896 7111,
449 2813 503 2880 68.
545 2811 661 2878 Solum
683 2811 765 2877 ὅκκα
786 2811 935 2878 ultimam
957 2811 1094 2901 corripit
1107 2813 1255 2880 Theocr.
1275 2813 1332 2898 17,

232 2917 273 2986 21
298 2925 331 2980 et
352 2915 389 2978 in
408 2912 566 2979 Noesidis
591 2914 823 3004 epigrammate
842 2913 947 2980 Auth.
967 2914 1040 2979 Pei.
1057 2913 1120 2998 Vl,
1142 2916 1226 3000 353,
1253 2939 1333 3009 quae

233 3039 388 3083 mensura
417 3013 531 3080 nescio
560 3037 602 3078 au
631 3039 698 3080 uon
728 3015 835 3106 magis
865 3039 884 3082 e
912 3015 1055 3104 genuina
1076 3017 1205 3084 Doride
1236 3021 1334 3110 petita

234 3118 295 3202 sit,
332 3138 430 3206 quum
459 3140 512 3191 κε,
548 3117 636 3193 αἴκε,
672 3141 756 3206 quae
786 3119 873 3186 idem
905 3119 1102 3185 Theocritus
1134 3121 1331 3211 frequentat.

236 3219 359 3286 Contra
385 3219 506 3309 longae
534 3219 659 3286 voculis
687 3219 723 3286 iu
754 3223 815 3288 hec
842 3223 1002 3313 particula
1032 3223 1215 3310 singularis
1239 3225 1333 3290 elisio

234 3321 417 3390 certissime
446 3321 569 3389 Dorica
602 3335 671 3410 est,
703 3323 865 3416 reperitur
894 3324 981 3392 enim
1003 3323 1111 3390 Tahh.
1136 3323 1273 3393 Heraei.
1305 3327 1332 3406 1,

235 3425 276 3493 53
299 3423 365 3490 αἴκ’
388 3424 558 3512 improbo
581 3423 784 3514 ἀποὸἴαωνεκ,
818 3427 853 3508 l,
877 3428 940 3494 164
963 3431 998 3492 αἴ
1017 3429 1053 3492 δι’
1071 3425 1106 3512 χ’
1128 3427 1189 3493 6πὸ
1211 3431 1332 3511 nottho

235 3530 487 3612 e'yhhtpttiorm,
541 3527 662 3620 Sophr.
692 3529 731 3596 51
767 3527 938 3613 αὸςπεραῖκ’
972 3532 1005 3608 ἐξ
1035 3530 1105 3606 ἑνός
1135 3529 1329 3613 κελεύματος,

234 3629 354 3720 Epich.
380 3631 432 3698 19.
455 3631 510 3698 96.
533 3631 587 3698 95.
614 3631 676 3698 162
696 3629 744 3717 χ’,
772 3633 794 3699 9
817 3631 895 3714 αἴκ’,
928 3633 980 3700 16.
1003 3633 1048 3700 99
1068 3631 1157 3719 ὅκχ’,
1185 3634 1328 3700 Acheru.

234 3733 298 3800 698
319 3731 395 3818 αἴχ’,
419 3733 485 3802 728
507 3731 580 3799 ὅκκ’
601 3743 634 3800 et
656 3749 752 3826 saepe
773 3734 861 3825 apud
883 3735 1110 3803 Theocritum.

269 3983 298 4050 3)
333 3980 470 4051 Apollon.
491 3981 527 4036 de
545 3999 625 4053 pron.
647 3984 712 4047 mr,
730 3981 762 4038 C.
799 3979 868 4046 ἁμὸν
891 3984 1052 4050 (Doricum)
1076 3985 1131 4040 trev
1147 3987 1202 4041 ἐστὶ
1216 3993 1254 4057 τῷ
1269 3985 1329 4058 ἧμλ-

234 4087 324 4141 crpoa,
352 4065 416 4120 ἀλλ’
442 4066 491 4134 αὸχ
515 4065 548 4130 ὅς
569 4089 634 4129 esrae
658 4067 792 4135 ὅαῖλαβακ
810 4071 838 4123 ἴα
855 4075 904 4125 τοῦ
922 4069 981 4136 ἐμὸς
999 4076 1193 4143 κατειλῆφθαι·
1224 4073 1255 4128 οὸ
1277 4073 1328 4146 re'p

235 4175 299 4214 noer
315 4153 347 4210 τὸ
363 4159 379 4209 ἰ
396 4153 430 4216 εἴς
446 4157 467 4207 ἄ
483 4156 583 4230 μακρὸν
598 4157 843 4226 μεταλαμβάνεται,
870 4155 912 4214 ὅτι
935 4159 971 4231 μὴ
996 4159 1039 4215 ὅπα
1060 4165 1110 4214 «οὔ
1127 4163 1169 4216 sir
1186 4165 1327 4226 ωὸἴσμααι

235 4245 279 4296 καῖ
295 4246 396 4313 ταῦτα,
414 4241 437 4297 ri
453 4245 553 4313 δοθεῖη.
