2846 4762
192 325 268 404 1118
427 385 430 398 .
463 325 521 398 De
545 321 706 424 dialectis
735 320 1005 400 Pseudaeoliois.

191 529 281 614 attor
308 528 344 598 iu
372 528 513 600 Pltueico
542 527 626 618 aputl
652 527 808 594 Rossium
835 552 885 594 nr.
908 528 969 611 81,
1010 525 1064 594 cui
1091 548 1278 616 comparau-

193 632 268 698 ‹luua
300 642 351 698 est
377 631 567 698 Bocotienm
599 629 807 696 ἀποδεὸόανθι
828 629 927 706 1569,
950 653 980 694 ι.
1004 629 1075 712 1113
1118 628 1279 696 Aeolicus

191 734 392 800 accusativus
412 729 532 814 Δαμῶν
558 733 700 814 ibirlem3
742 730 991 819 praepositionis
1019 733 1090 814 arpi
1118 729 1215 798 elisio
1242 729 1280 796 in

191 835 323 922 πέροὸος
352 834 387 900 in
414 832 576 923 Delphico
598 833 698 908 1688,
722 832 782 914 18,
825 843 1010 922 quanquam
1040 831 1164 896 ibidem
1188 830 1213 898 l'.
1238 831 1280 900 18

193 946 244 1005 est
272 937 433 1019 uspaiiiru,
477 960 578 1026 quum
609 933 742 998 voculae
770 933 866 1000 elisio
894 945 926 1008 ot
954 955 1095 1024 apocope
1121 931 1280 998 Aeolicac

192 1037 276 1116 sint,
298 1037 365 1104 uid.
388 1031 419 1125 ξ.
441 1038 496 1121 28,
517 1039 552 1120 2,
576 1045 738 1125 praeterea
758 1036 844 1124 apud
865 1036 1041 1102 Pindarum
1062 1033 1277 1124 reperiantur,

191 1151 228 1207 ut
248 1139 394 1226 περόδοις
414 1138 509 1206 Nem.
531 1139 595 1222 xl,
617 1135 678 1216 40,
700 1147 733 1202 et
753 1137 788 1202 in
809 1137 940 1228 loedere
958 1131 1115 1204 Eleorum
1134 1160 1200 1222 παρ
1220 1159 1277 1202 aa·

190 1242 269 1324 λε’μιι
290 1265 350 1330 pro
371 1246 441 1326 περὶ
461 1241 604 1321 πολέμου.

275 1345 310 1424 4)
338 1342 411 1410 Jam
433 1343 648 1431 intelligitur,
680 1341 817 1407 dialecto
840 1339 874 1404 in
896 1341 955 1404 lrac
977 1339 1101 1407 mediae
1122 1341 1278 1409 Graeciae

189 1456 279 1536 parte
300 1445 425 1534 vigenti
445 1446 585 1534 aliquem
607 1469 679 1508 esse
705 1467 778 1508 cunr
799 1442 948 1506 Acolicis
969 1441 1136 1521 dialectis,
1176 1443 1279 1510 maxi·

189 1571 240 1614 mc
262 1546 434 1629 Boeotico,
464 1547 706 1634 cognationem,
736 1569 841 1634 neque
862 1555 967 1608 tannen
990 1567 1080 1628 eaur,
1112 1554 1148 1608 ut
1169 1569 1188 1610 a
1208 1543 1279 1612 Do·

189 1651 276 1728 rica,
299 1671 436 1738 quaeum
459 1649 559 1714 multo
583 1649 674 1736 plura
690 1646 872 1714 communia
894 1645 1008 1728 lrabet,
1032 1645 1181 1734 disjungi
1201 1671 1277 1738 pos·

190 1752 244 1818 sit.
298 1751 345 1816 At
366 1749 559 1816 dubitaverit
578 1750 715 1839 aliquis,
754 1773 794 1814 an
817 1746 938 1813 Dorica
965 1747 1080 1836 lingua
1107 1772 1175 1814 non
1195 1748 1278 1815 anti-

192 1853 303 1942 quitus
332 1851 385 1918 lris
414 1850 582 1942 populis'
572 1875 606 1914 ιιι
633 1875 694 1914 usu
722 1849 837 1934 luerit,
882 1850 940 1914 sed
970 1850 1083 1918 eodem
1110 1849 1207 1917 modo
1235 1851 1278 1917 sit

189 1955 337 2043 adoptata
368 1963 400 2018 et
430 1953 542 2041 paucis
572 1951 698 2041 antiqui
718 1951 880 2017 Aeolismi
908 1951 1060 2040 reliquiis
1088 1961 1276 2040 temperata,

189 2079 254 2145 quo
275 2055 310 2120 in
331 2051 508 2118 Arcadicac
530 2054 636 2118 locutu
659 2055 862 2118 successerit.
908 2053 972 2119 Cui
993 2077 1177 2143 quanquam
1198 2077 1277 2120 con·

190 2157 356 2237 cedimus,
379 2153 621 2220 Corinthiorum
643 2156 782 2221 coloniis
804 2156 1033 2246 aliquantum
1054 2154 1152 2220 tribui
1174 2178 1276 2242 posse

190 2259 224 2324 in
245 2257 452 2322 Acarnanum
473 2255 638 2342 linguam,
669 2258 820 2348 antiquae
843 2257 1019 2324 Creticae
1010 2281 1044 2321 ιιι
1065 2255 1274 2345 Delphicam,

189 2358 383 2426 Trachiniae
409 2369 442 2422 ct
462 2357 700 2428 Messeniorum
720 2359 918 2450 Naupactiae
946 2360 981 2424 iu
1010 2357 1192 2424 uicinorum
1212 2361 1276 2426 lin·

188 2486 305 2552 guam,
341 2483 407 2546 non
433 2470 501 2525 crat
522 2470 629 2526 umen
656 2485 797 2548 unquam
827 2487 863 2526 ca
883 2459 1095 2527 Dorieosium
1116 2461 1206 2550 apud
1224 2485 1278 2530 re·

147 2574 153 2580 '
187 2563 296 2653 liquos
316 2562 482 2640 Aetolos,
495 2561 697 2641 Phocenses,
721 2563 845 2629 Locros
866 2564 1061 2645 auctoritas,
1092 2574 1128 2628 ut
1149 2588 1187 2629 ea
1208 2563 1276 2630 dia·

186 2663 261 2732 lecti
284 2664 418 2729 mutatio
439 2663 510 2727 lieri
538 2665 696 2752 potuerit,
736 2691 831 2755 quam
861 2665 1092 2755 inscriptiones
1117 2667 1273 2753 produnt.

186 2765 299 2853 ltaque
321 2763 493 2846 Straboni,
532 2765 609 2831 illos
636 2767 776 2856 populos
798 2768 952 2834 Aeolicus
973 2791 1150 2858 eqrumque
1173 2767 1273 2834 diale-

185 2876 255 2930 ctos
276 2865 430 2933 Aeolicus
450 2865 598 2949 vocanti,
634 2869 743 2934 miuus
765 2869 945 2945 credimus,
989 2893 1085 2959 quam
1113 2869 1174 2948 iis,
1212 2869 1271 2956 qui

185 2968 322 3032 Aetolos
350 2967 495 3032 Doribns
531 2968 759 3045 adnumerant,
797 2970 1005 3040 Crisaeorum
1030 2972 1178 3064 linguam
1203 2970 1270 3036 (lia-

183 3068 268 3136 lecto
288 3067 440 3136 Doricae.
462 3069 528 3136 vid.
551 3072 584 3155 5.
609 3071 640 3138 l.
663 3081 731 3136 not.
752 3072 784 3138 5.
807 3072 840 3140 6.

534 3405 563 3413 .-
576 3403 763 3413 ..ψ
777 3403 824 3412 ...ι--
850 3405 904 3414 fl..-
