2872 4780
148 358 256 450 §.22
282 361 340 436 ne
356 359 437 436 aliia
457 363 549 462 long.
571 364 685 436 voe'al.
705 377 741 436 ot
759 361 965 464 diphthong.
988 381 1113 440 mutat.
1164 367 1236 444 183
1321 331 1328 342 '
1376 471 1377 478 ρ

147 561 280 648 doceat,
303 565 443 632 fortasse
462 563 585 630 reutius
605 562 802 632 scriberetur
814 569 923 646 τιμᾶν,
947 565 1013 632 uiui
1031 577 1146 634 aoutus
1164 565 1235 636 iio*

144 663 306 732 riensiuin
331 668 529 745 φιλοξυτοτίᾳ
550 664 697 732 debetur.
745 664 926 756 Unumque
948 691 967 734 e
988 666 1105 753 πρώην,
1128 669 1235 753 πρῶατ

142 766 226 832 mira
248 767 480 834 eontraetiouia
501 766 628 832 ratione
649 767 768 832 fautum
789 767 937 851 ridetur-3
959 770 1041 855 naip
1063 761 1150 835 enim
1168 771 1234 836 Eu·

143 869 243 936 statb.
272 869 423 934 Prooem.
455 868 553 934 Piud.
584 893 619 958 p.
642 869 684 934 12
711 867 813 932 Sebn.
846 869 942 934 tradit
967 871 1050 956 πράν
1078 869 1235 938 Dorieum

143 993 218 1038 ease
246 993 306 1060 pro
333 973 426 1054 πρίν,
460 992 602 1060 quorum
632 992 674 1036 ue
695 967 973 1058 ¹signifloah‘ouem
995 973 1128 1060 quidem
1150 997 1235 1039 oon·

124 1095 274 1138 munem
296 1071 404 1140 babet.

228 1225 249 1262 α
270 1221 345 1288 pro
367 1223 408 1262 αι
428 1207 478 1262 est
500 1194 534 1261 in
551 1195 699 1279 ἅντγμα
720 1196 807 1274 (eod.
827 1195 974 1282 niverno),
999 1199 1139 1280 αἴνιγμα·
1171 1207 1234 1264 Τα,

140 1302 280 1387 punirer
307 1303 361 1364 aui
381 1301 496 1387 ἑτβολῇ
515 1301 573 1362 τοῦ
594 1301 699 1384 ἑτέρου
721 1301 737 1358 i
757 1303 810 1362 καῖ
829 1301 932 1388 τροπῇ
951 1303 1007 1364 τοῦ
1030 1301 1170 1388 δευτέρου
1191 1305 1235 1377 εἰς

138 1401 271 1486 {pride
299 1401 444 1491 Hespeb.
1293 1387 1296 1396 ¹

225 1531 261 1610 2)
304 1527 392 1594 Male
414 1555 433 1606 η
455 1525 576 1592 Doriee
597 1525 633 1592 iu
655 1553 692 1591 ει
714 1537 869 1592 mutatum
893 1529 1012 1596 dicitur
1033 1529 1066 1594 in
1089 1533 1155 1610 μείς
1176 1555 1234 1620 pro

138 1633 201 1716 μήτ
222 1633 277 1698 Et.
294 1629 342 1698 Μ.
367 1629 450 1712 583,
474 1629 513 1711 d,
536 1627 604 1694 vid.
620 1629 653 1714 §-
667 1629 720 1696 ³1.
765 1627 836 1694 Nee
859 1629 1003 1719 genuino
1021 1631 1138 1696 'baberi
1158 1657 1232 1722 pos·

94 1743 100 1754 '
139 1747 217 1802 snut
245 1733 318 1820 ejus
345 1729 536 1796 mutationis
569 1731 742 1821 exempla,
782 1755 865 1818 quae
896 1731 929 1797 in
961 1731 1057 1798 titolo
1085 1731 1232 1800 Theraeo

138 1837 225 1906 2448
255 1833 445 1899 traduntur:
487 1835 681 1918 προαιρεῖται
708 1829 742 1896 11
753 1883 762 1908 ,
787 1829 838 1898 19.
877 1833 947 1917 111,
970 1831 1031 1918 36,
1068 1833 1232 1916 α’φτῖλιιιαι

139 1963 201 2030 pro
234 1937 390 2020 ὄφείληται
411 1935 482 2018 vl,
504 1935 565 2016 36,
601 1936 761 2000 διοικεῖται
789 1959 849 2024 pro
879 1935 1032 2012 διοικῆται
1061 1933 1147 2014 Vll,
1175 1935 1230 2014 26,

137 2035 355 2127 προιοιιθήτω
378 2035 481 2120 Vlil,
503 2037 565 2120 21,
599 2037 699 2113 διειόη
723 2059 782 2126 pro
806 2035 910 2114 δεήσει
931 2035 1034 2120 vill,
1056 2035 1094 2120 5,
1125 2037 1154 2101 εἴ
1173 2058 1231 2128 pro

137 2143 160 2222 ἦ
183 2141 267 2218 Vll,
292 2135 323 2204 5.
348 2139 400 2206 31.
431 2139 532 2220 Vill,
554 2139 595 2222 6,
629 2141 783 2221 ποτήριον
807 2137 870 2222 IV,
891 2141 953 2220 24,
988 2163 1125 2230 quorum
1156 2139 1230 2205 uiti·

136 2267 226 2311 mum
249 2239 436 2308 Boeoirbius
465 2239 602 2332 reliquis
631 2251 718 2306 reete
741 2239 919 2308 emendatis
947 2239 1039 2308 nulio
1056 2241 1132 2328 jure
1153 2242 1231 2308 reti-

138 2345 223 2412 nnit.
268 2343 434 2410 Videntur
456 2343 542 2410 enim
564 2351 604 2408 Η
621 2353 652 2408 ot
674 2349 728 2408 EI
745 2341 779 2406 iu
801 2341 908 2432 lapide
931 2343 973 2408 ita
997 2355 1123 2410 exarata
1143 2365 1228 2426 esse,

139 2459 177 2514 ut
198 2474 216 2514 a
238 2445 500 2514 describentibus
523 2445 619 2510 facile
642 2444 816 2534 permutari
827 2443 1002 2532 potuerint.
1048 2443 1155 2510 Aliter
1176 2469 1228 2511 res

139 2577 177 2618 se
208 2549 308 2616 babet
341 2549 374 2613 in
415 2547 642 2612 terminatione
679 2545 793 2612 tertiae
825 2569 983 2636 personae
1016 2545 1228 2634 conjunctivi,

139 2678 224 2746 qnae
252 2664 285 2718 et
313 2651 345 2716 iu
376 2653 437 2716 boo
467 2647 561 2713 titudo
591 2651 623 2714 ot
651 2649 683 2712 in
706 2647 780 2712 aliis
803 2647 865 2712 fide
888 2645 1092 2738 dignissimis
1115 2671 1173 2738 per
1195 2675 1225 2736 ῃ,

140 2787 159 2833 ²1
192 2767 224 2821 et
252 2779 279 2818 ει
299 2753 484 2846 promiscue
515 2749 633 2840 scripta
662 2762 712 2815 est
740 2750 806 2814 vid.
839 2749 870 2834 ἓ.
895 2749 955 2834 36,
978 2749 1010 2814 3.
1048 2792 1084 2801 -
1128 2749 1227 2838 Apud

138 2857 332 2925 Alcmanem
356 2853 631 2936 Soimeidewinns
651 2866 738 2918 recte
760 2851 902 2940 expulit,
926 2875 1007 2942 qnae
1029 2847 1227 2917 Weieierus

137 2963 350 3040 toleraverat,
376 2957 580 3030 Πολυδεύκης
601 2955 642 3020 ir.
669 2958 684 3022 1
709 2957 756 3036 13)
781 2967 812 3020 et
834 2957 969 3037 τριτίρης
988 2953 1031 3020 23
1052 2951 1135 3040 (13).

226 3119 244 3168 η
273 3111 348 3178 pro
375 3115 386 3152 ι
414 3099 464 3154 est
494 3087 528 3152 in
559 3084 671 3164 οἰτήα,
705 3083 793 3172 quod
815 3082 848 3148 in
871 3083 991 3172 Deipb.
1017 3083 1099 3154 169⁰
1120 3089 1229 3152 sexies

140 3192 264 3282 iegitur
293 3213 353 3282 pru
384 3192 483 3268 οἰκία,
520 3211 619 3276 quum
651 3189 710 3252 boe
740 3187 839 3252 semei
868 3187 1019 3252 traditum
1048 3186 1091 3252 sit
1119 3212 1149 3252 v.
1173 3187 1229 3254 20.

141 3295 255 3362 Nibilo
289 3291 396 3358 secius
424 3289 597 3356 inauditam
626 3288 715 3354 iliam
747 3290 879 3354 formam
907 3289 941 3352 in
972 3287 1067 3354 titolo
1088 3289 1228 3376 pessime

139 3397 253 3462 habito
275 3403 455 3482 corruptam
476 3416 548 3458 esse
565 3391 763 3478 judicamus.

228 3535 241 3584 t
263 3509 468 3612 provulgari
492 3547 511 3596 η
533 3529 582 3594 est
604 3519 637 3582 iu
658 3525 728 3581 ἵκω
751 3541 810 3606 pro
832 3517 916 3593 ἥκοι,
954 3535 1017 3604 qua
1041 3513 1143 3578 forare
1164 3533 1229 3577 rou

141 3627 248 3696 aoium
271 3623 435 3690 Pindarus
455 3645 536 3688 naus
560 3633 610 3686 est
630 3641 703 3684 eum
725 3619 869 3685 Homero
890 3616 955 3682 rid.
977 3613 1121 3684 Boeekb.
1138 3613 1226 3678 Nutt.

144 3729 241 3796 Critt.
265 3727 306 3792 ad
328 3725 383 3792 01.
408 3725 469 3804 lv,
493 3725 552 3804 11,
574 3721 631 3788 sed
654 3745 787 3801 omnes,
816 3731 851 3784 ut
870 3719 1015 3799 videtur,
1038 3715 1228 3781 Dorienses.

143 3832 244 3898 Certe
268 3837 327 3894 ῒιιτι
349 3819 471 3916 iegitur
492 3825 635 3890 Aebura.
652 3823 726 3898 786,
749 3821 892 3909 Lysistr.
907 3819 960 3896 87,
983 3822 1068 3896 ἱξτῐτι
1085 3819 1227 3883 Aebura.

142 3933 227 4014 7118,
252 3940 357 4012 ἵκομες
379 3929 524 3994 Aebarn.
545 3927 609 3992 716
631 3947 716 3992 nune
738 3949 756 3990 e
777 3923 885 4004 11η,
908 3921 995 3986 unde
1015 3922 1128 4001 ἧιορις
1148 3919 1228 4008 bys.

146 4035 230 4102 11177
259 4029 490 4120 corrigendum
519 4053 592 4094 esse
615 4028 758 4104 ridetur.
815 4025 912 4112 Apud
935 4023 1164 4114 Epieiaaruaum
1192 4023 1230 4085 ii·

146 4137 281 4202 brorum
304 4133 461 4200 ieetionea
483 4137 554 4194 εἵκω
576 4131 616 4196 ir.
643 4130 682 4196 19
705 4138 738 4192 ot
759 4129 839 4190 ιίται
867 4127 891 4191 i.
916 4151 945 4192 e.
968 4123 1024 4203 ἦτε
1044 4124 1100 4190 rui
1123 4125 1167 4187 iar
1189 4124 1229 4187 fr.

146 4239 191 4305 2⁴
211 4237 246 4304 iu
269 4245 581 4326 utramquepartem
612 4229 693 4296 {rabi
723 4239 876 4318 possuut,
912 4227 977 4294 uisi
1007 4229 1089 4292 sorte
1117 4225 1154 4304 in
1180 4225 1233 4290 bis
