2742 4794
203 307 237 382 X

200 509 439 604 reprehendent
469 523 502 578 ct
520 507 783 594 desiderabunt,
814 507 872 599 qui
900 505 929 574 si
956 504 1090 576 meliora
1111 501 1291 592 docebunt,

201 654 422 745 gratissimum
450 651 548 720 nobis
577 650 708 717 iaciant.
761 647 799 716 Si
826 671 889 738 qna
911 645 1048 714 dcerunt
1074 669 1115 712 ex
1142 641 1291 734 antiquis

201 793 439 888 grammaticis,
467 815 486 858 e
515 789 728 881 scriptoribus
749 787 917 872 Aeolieis,
951 811 992 854 cx
1020 783 1291 875 inscriptionibus

201 905 299 1026 atque
318 933 477 1012 nummis,
512 953 596 1022 quac
615 929 656 996 ad
678 927 847 994 Aeolicam
869 925 1042 992 dialectum
1063 923 1293 990 illustrandam

198 1080 306 1150 lacere
326 1075 497 1142 vicinantur
518 1067 638 1161 (neque
658 1081 765 1134 tamen
792 1067 892 1132 multa
912 1078 967 1131 ant
986 1064 1096 1154 gravia
1118 1089 1192 1132 esse
1213 1087 1295 1132 ccu-

198 1208 357 1300 fidimns),
378 1213 502 1300 amplae
522 1210 737 1277 bibliothecae
757 1207 911 1276 continno
931 1231 994 1274 usn
1018 1206 1183 1276 destitutis
1203 1208 1295 1298 apud

199 1373 319 1440 aequos
336 1348 466 1436 judiees
487 1333 612 1437 aliquid
632 1343 850 1412 excusationis
871 1343 943 1411 erit.
998 1343 1306 1432 Grammaticorum,

198 1488 351 1578 graviora,
374 1484 560 1554 testimonia
587 1483 676 1574 quod
707 1482 744 1548 in
781 1483 1042 1552 annotationibus
1074 1485 1292 1574 subjecimus,

199 1623 370 1709 omnibus,
399 1620 495 1688 etiam
516 1620 574 1710 qui
600 1619 733 1688 illorum
754 1643 851 1710 opera
879 1631 1029 1706 teneant,
1061 1633 1186 1710 gratum
1216 1625 1292 1692 lore

198 1765 431 1832 existimamus.
492 1759 614 1826 Contra
634 1785 677 1827 ne
696 1759 774 1826 libri
797 1759 901 1826 moles
922 1783 1020 1850 supra
1040 1761 1171 1828 modurn
1190 1786 1292 1854 auge·

197 1912 299 1988 retur,
321 1899 459 1966 maxime
471 1897 623 1967 brevitati
643 1897 826 1966 studuimus
848 1897 884 1964 iu
903 1900 1184 1988 grammaticorum
1199 1927 1292 1970 erro-
1328 1917 1331 1922 '

197 2037 292 2106 ribus
320 2037 521 2122 refutandis,
558 2035 602 2105 iis
636 2036 864 2128 potissimum,
906 2036 964 2128 qui
991 2038 1087 2128 qnasi
1124 2041 1291 2108 solemnes

148 2195 154 2206 ·
199 2173 388 2263 saepissime
413 2173 561 2240 redeunt.
626 2173 845 2264 Antiquomm
875 2173 963 2240 enim
985 2175 1027 2242 de
1048 2177 1198 2246 dialectis
1218 2181 1290 2271 opi·

197 2315 314 2384 niones
351 2314 525 2406 aliqnando
560 2313 718 2402 singulari
749 2313 1016 2380 commentatione
1056 2315 1218 2384 illnauare
1251 2319 1290 2387 in

195 2453 304 2520 animo
326 2464 388 2520 est.
453 2451 527 2520 Non
554 2451 665 2518 nainus
685 2451 813 2516 ebartae
840 2449 1044 2540 pepercimus
1071 2449 1107 2516 in
1127 2455 1290 2520 recentio-

128 2626 134 2642 ·
196 2615 269 2658 raam
290 2590 503 2681 opinionibus
523 2587 826 2656 commemorandis.¹
882 2586 921 2654 Si
940 2611 1005 2677 qna
1024 2600 1118 2655 acute
1138 2599 1173 2659 et
1191 2614 1290 2658 aecn-

196 2739 265 2796 rate
281 2729 443 2818 disputata
466 2739 543 2794 sunt
563 2739 638 2793 ante
658 2750 734 2811 nos,
756 2751 832 2792 suas
847 2726 964 2814 cuique
984 2727 1097 2794 laudes
1111 2729 1290 2800 debechre

195 2865 372 2932 noluimus.
416 2867 501 2932 Prae
522 2865 597 2932 aliis
616 2865 774 2932 nonnulla
788 2863 943 2931 debemus
965 2865 1132 2952 Giesio,
1155 2865 1212 2956 qni
1232 2867 1290 2934 in-

195 3007 285 3098 signi
306 3005 452 3073 doctrina
472 3006 651 3072 instructus
673 3005 709 3070 in
731 3004 902 3074 Aeolicam
925 3005 1097 3073 dialectum
1117 3007 1288 3098 inquirere

193 3145 356 3232 tuscania,
379 3145 457 3231 aed,
483 3143 584 3234 longe
605 3143 767 3210 diversam
787 3168 806 3208 a
827 3151 939 3208 nostra
959 3143 1117 3210 rationem
1140 3155 1286 3226 secutus,

194 3293 319 3348 tantum
345 3281 381 3348 in
410 3281 500 3348 aditu
526 3279 635 3372 operia
655 3293 799 3346 moratus
829 3291 899 3366 est,
928 3291 965 3346 nt
991 3281 1162 3349 immatura
1182 3295 1287 3372 morte

193 3430 385 3512 praereptus
406 3419 464 3486 vix
489 3418 590 3486 bmen
613 3417 831 3509 superaverit,
860 3419 952 3510 plura
975 3417 1016 3486 de
1036 3419 1197 3489 Lesbiaco
1219 3423 1286 3491 dia·

191 3555 279 3624 naen
298 3556 447 3642 navio,
469 3554 705 3636 wercum,
728 3533 935 3641 sunna,
957 3556 1096 3646 plurmi
1118 3557 1161 3627 os
1181 3561 1286 3630 noeo-

193 3695 257 3764 tica
288 3696 401 3764 Tibi.
467 3693 606 3762 Errorcs
638 3705 763 3780 antem,
795 3693 890 3760 etiam
917 3715 1048 3780 eorum,
1082 3675 1139 3788 qni
1170 3698 1287 3767 merito

195 3860 322 3904 summa
342 3837 508 3906 doctrinae
528 3833 626 3902 lande
648 3835 783 3918 florent,
816 3857 911 3917 raro,
939 3833 1026 3903 unde
1058 3837 1166 3904 solent
1191 3839 1287 3905 multi

194 3975 261 4044 sibi
298 3971 427 4042 laudem
463 3995 638 4065 quaerere,
679 3973 797 4060 amplia
828 3971 1103 4060 disputationibus
1133 3975 1286 4066 detegere

192 4113 335 4205 placuit,
371 4111 428 4182 sed
451 4112 530 4180 satis
550 4108 724 4179 babuimus
752 4108 874 4176 nostris
895 4107 1077 4184 rationibus
1106 4114 1285 4204 probandis
