2866 4766
377 345 410 438 b.
431 345 491 424 tt.
545 346 603 418 De
628 339 798 416 universa
826 341 975 418 Doride.
1156 344 1234 424 396

137 549 394 620 Cutacollomeni
421 548 496 618 loco
526 569 625 636 supro
653 545 752 612 nllsto
780 553 913 613 tuentur
931 543 1104 614 addiceute
1125 547 1234 638 llesy·

134 654 201 724 chii
225 653 336 744 glossa
358 649 557 727 norcoiau,
580 650 737 732 τρυβλίον.
793 647 910 736 lloqttc
930 647 1083 721 omnibus
1104 674 1234 743 eonpa-

132 757 214 824 ratia
246 755 327 822 satis
357 763 480 820 certum
508 751 686 834 babemus,
716 749 891 820 Siceliotas
920 773 1034 818 vocem
1064 753 1186 820 πατάνα
1214 779 1234 824 e

131 858 255 926 Lotiuo
286 855 430 945 patina
459 855 582 922 fecisse
608 849 699 940 (nam
728 851 815 942 apud
836 851 974 922 Latinos
997 852 1111 922 eadem
1133 855 1235 946 stirps

131 959 232 1028 latius
254 969 371 1050 regnet
391 969 427 1028 ut
447 958 484 1026 in
505 958 682 1048 patera),
703 979 843 1044 cumque
864 963 897 1024 et
917 979 977 1045 per
988 956 1146 1028 rusticam
1159 981 1235 1046 pru·

9 1087 10 1090 ¹
131 1063 373 1132 nuntietienom
395 1062 430 1128 in
452 1059 572 1144 βατάνα
594 1058 858 1142 (lormssoetiam
871 1057 1023 1138 παντάνα)
1045 1059 1235 1149 corrupisse

132 1155 227 1234 etad
246 1165 396 1255 reliquos
419 1163 565 1232 Graecos
586 1161 787 1231 recentiores
808 1161 1043 1230 transmisisse.

218 1267 384 1345 πόλεως,
416 1291 482 1357 qua
511 1287 589 1332 voce
612 1265 829 1355 Epicharmus
860 1263 963 1334 utitur
991 1264 1121 1348 tr.11,
1153 1264 1234 1334 ilcan

134 1394 152 1438 o
175 1369 369 1439 Latinorum
399 1369 518 1458 pulte
546 1368 747 1436 descendere
777 1366 886 1436 visum
908 1377 959 1436 cst
980 1367 1152 1436 nonnullis
1174 1365 1232 1454 18).

133 1472 202 1542 Sed
224 1497 323 1564 quum
341 1473 411 1560 jum
424 1472 568 1540 Alcman
589 1470 725 1540 eandem
738 1469 883 1548 noverit,
905 1469 947 1536 ab
959 1469 1095 1559 origine
1111 1470 1235 1539 Graeca

133 1569 208 1644 esse
228 1575 370 1642 videtur.

219 1677 359 1762 ῥογός,
396 1675 549 1746 Siculam
577 1697 697 1744 nomen
715 1677 756 1758 ι9)
784 1675 894 1742 borrei
923 1675 1067 1767 panarii
1096 1675 1235 1744 tortasse

9 1825 10 1848 t
132 1805 210 1850 enm
233 1780 353 1847 Latino
381 1803 509 1868 rogus
536 1788 624 1846 recte
652 1776 881 1866 componitur,
915 1803 1103 1872 quanquam
1135 1778 1235 1865 bajus

9 1951 10 1964 ,
134 1883 333 1972 significatio
354 1881 397 1950 ad
418 1882 516 1950 aliam
538 1903 607 1948 rem
630 1879 755 1948 detorta
776 1891 837 1948 ost.

627 2066 661 2151 §.
682 2065 738 2134 47.

461 2207 524 2260 nc
547 2207 725 2260 ulma·
746 2207 905 2260 nonde.

222 2353 256 2436 1)
284 2351 462 2442 Postquam
486 2349 677 2440 singulatim
699 2349 884 2442 expositum
905 2361 974 2436 est,
999 2349 1236 2442 quibusrebua
1294 2341 1296 2346 ¹

134 2455 192 2523 vel
218 2453 368 2520 universa
396 2451 499 2518 Doris
528 2453 583 2519 vel
612 2451 702 2518 varia
735 2451 807 2540 ejus
839 2477 960 2544 genera
993 2478 1067 2522 curn
1096 2455 1236 2548 reliquis

135 2557 280 2626 Graecae
308 2556 442 2644 linguae
473 2553 640 2640 dialectis,
674 2551 849 2643 praecipue
878 2579 952 2620 eum
974 2555 1087 2621 Attico
1108 2569 1142 2622 ct
1162 2582 1236 2626 cnm

9 2681 10 2694 ¹
135 2659 252 2752 lingua
265 2657 396 2748 vulgari
412 2656 669 2748 discrepuerint,
692 2666 791 2724 restet
813 2669 849 2721 nt
869 2655 1019 2748 dispersa
1040 2659 1236 2749 colligamus

9 2763 10 2796 ¹
136 2773 235 2852 atque
255 2763 291 2827 in
314 2785 417 2826 unum
440 2770 652 2850 conspectum
680 2757 879 2846 redigamus.
925 2759 1040 2851 ltaque
1067 2762 1153 2829 infra
1181 2788 1236 2830 va·

9 2869 11 2902 ³
137 2867 205 2934 rias
226 2863 364 2930 Doridis
391 2861 628 2952 discrepantias
659 2859 844 2927 accuratius
872 2859 1114 2952 distinguemus
1137 2877 1235 2960 atque

9 2973 11 2990 ³
138 2967 383 3050 describemus,
415 2989 511 3058 quam
533 2963 574 3028 ub
596 2963 742 3053 antiquis
764 2965 986 3054 grammaticis
1011 2963 1093 3054 (vid.
1107 2969 1140 3054 ξ
1153 2971 1187 3052 2,
1199 2971 1235 3052 2)

136 3071 260 3137 lactum
292 3079 362 3154 est3
405 3091 494 3132 nunc
526 3064 708 3133 levioribus
744 3067 898 3134 omnibus
936 3079 969 3134 et
1002 3067 1235 3139 incertioribus

137 3171 271 3238 omissis
291 3169 326 3235 in
350 3169 549 3237 succinctam
571 3167 806 3236 enarrationem
821 3171 1029 3262 congerenda
1043 3185 1140 3258 sunt,
1163 3175 1235 3270 qui·

137 3275 202 3340 bus
226 3273 373 3340 omnium
395 3269 609 3338 Doriensium
631 3269 746 3363 lingua
766 3273 911 3364 insignis
933 3274 1009 3342 fuit.
1054 3275 1234 3344 Enumera-

136 3375 249 3442 bimns
271 3398 338 3440 non
360 3373 481 3454 solum,
504 3397 587 3466 qnae
601 3371 723 3441 Doridi
739 3377 917 3468 peculiaria
938 3389 1034 3463 suut,
1060 3378 1234 3446 sedetiam
1355 3379 1359 3392 “

139 3499 225 3570 quae
246 3499 321 3542 cnm
342 3475 490 3544 Aeolicis
513 3477 662 3546 dialectis
683 3479 902 3546 communia..

137 3631 253 3644 .-...-,-

160 3685 222 3776 Ι18)
258 3707 352 3763 Varro
378 3707 414 3764 dc
437 3709 471 3764 L.
490 3709 524 3764 L.
544 3711 581 3778 V,
600 3713 650 3768 1⁰5
675 3713 806 3782 „palm
837 3711 905 3766 boec
929 3714 1072 3786 oppelleta
1094 3715 1139 3770 sel
1157 3717 1233 3786 qnod

138 3797 180 3851 ita
197 3795 316 3862 Graeci,
347 3795 391 3850 vel
416 3796 452 3850 ab
476 3813 511 3850 eo
535 3797 610 3851 unde
631 3799 729 3854 scribit
747 3798 955 3871 Apollodorus,
982 3801 1058 3870 quod
1082 3801 1121 3858 ita
1144 3815 1235 3872 sonet,

138 3899 225 3952 quum
242 3897 333 3950 aquae
357 3881 475 3937 ferventi
502 3883 666 3954 incipitur.“
701 3885 912 3956 Apollodorus,
939 3889 1054 3960 lleyoio
1076 3891 1237 3962 suspicante

73 4005 80 4018 .
138 3969 174 4024 ιὰ
193 3968 329 4040 Apollod.
350 3969 365 4023 I
383 3971 487 4042 ubil,
505 3969 534 4024 ld
551 3971 664 4028 dixerut
680 3973 710 4027 ln
729 3973 805 4027 libro
822 3975 883 4050 rupi
897 3971 1069 4048 Ἐπιχάρμου.

174 4057 220 4126 to)
255 4056 331 4112 Poll.
353 4057 475 4124 1x‚4t.
512 4063 600 4113 unirer
616 4062 644 4116 dl
662 4059 708 4128 (cci
726 4059 874 4129 σιτοβόλια,
899 4061 935 4116 τὰ
951 4067 1043 4137 stupeis
1058 4064 1165 4128 ταμεῖα)
1190 4061 1236 4133 ῥο-

139 4141 200 4209 rode
215 4145 371 4200 teuscus·
387 4141 533 4208 ὀνόμαζον·
552 4149 597 4202 sat
614 4151 668 4204 lora
684 4148 800 4214 culmus
816 4151 843 4205 ἐν
857 4149 1021 4228 Ἐπιχάρμου
1039 4150 1181 4224 Βουσίριδι
1201 4177 1234 4190 -·

141 4228 264 4300 llcuyob.
283 4231 393 4304 dorsi,
410 4230 508 4307 dpoaG)
525 4237 633 4300 σηκοὶ,
650 4241 825 4307 σιτοβολόιες.
