2742 4794
240 347 292 428 86
374 369 379 378 ’
442 351 499 424 Du
520 345 676 432 dialecto
701 341 857 418 Aeolum
881 341 1117 420 Asianorum.

242 555 340 632 ὅσσος
361 579 412 620 nr.
435 549 533 636 2188,
553 547 609 634 27,
631 547 755 639 Suppli.
779 547 811 632 1,
833 547 876 616 26
896 555 929 614 el
951 547 1013 632 513
1035 545 1153 630 pisone
1174 546 1258 614 Ale.
1290 547 1356 632 w,

240 657 363 749 Suppli.
394 657 436 739 1,
465 655 524 739 12,
551 651 639 718 unde
667 651 846 718 derivatum
865 650 1053 718 adverbium
1074 650 1187 734 με’σσοι
1206 649 1358 718 Almo

241 757 435 826 adscribitur
461 757 500 822 ab
522 753 636 845 Apoll.
669 753 710 818 de
730 752 805 818 adr.
826 751 908 834 588,
929 753 991 838 27;
1013 751 1165 830 ι’σσόθιος
1184 751 1295 819 Cum.
1324 753 1355 818 l.

241 863 302 944 ll),
332 859 419 924 unde
447 857 533 948 apud
554 855 677 946 Sappla.
700 855 743 924 11
774 856 864 932 ἴσπος
884 878 945 945 pro
965 853 1035 932 lonc
1054 855 1273 922 scribendum
1298 854 1355 920 vi·

240 963 344 1030 detur.

324 1061 500 1153 Reperilur
527 1071 635 1131 temon
664 1059 699 1124 in
732 1058 783 1124 isis
805 1057 957 1124 omnibns
978 1058 1073 1128 etiam
1094 1058 1237 1152 simplex
1261 1083 1354 1126 eon-

241 1187 380 1250 sensum
410 1187 480 1230 emn
511 1185 638 1252 semper
665 1161 700 1226 in
721 1160 851 1226 sos-istis
872 1171 960 1226 tenet
981 1185 1120 1228 marmor
1140 1161 1354 1242 Cumaeam,

241 1269 264 1334 Ι.
296 1269 329 1334 6.
358 1265 646 1341 πασσυδιάσανσος,
683 1265 726 1330 12
751 1261 999 1342 ἐπισκεᾶσανια,
1029 1265 1071 1330 12
1097 1265 1352 1344 ἐπιτελέσαντας

241 1369 358 1436 deinde
379 1369 513 1458 Lampe.
539 1367 580 1432 12
600 1367 695 1450 ἴσως,
717 1365 752 1429 ἰιι
774 1363 879 1454 poetis
901 1376 1003 1430 metro
1024 1377 1110 1432 certe
1130 1377 1206 1432 sunl
1226 1367 1353 1446 τελέση

241 1472 285 1539 Α.
315 1470 378 1554 611,
410 1469 532 1535 τέλεσον
553 1467 589 1534 S.
614 1469 653 1550 1,
685 1467 750 1551 27,
783 1463 959 1549 ἀμπέτασον
980 1467 1015 1548 S.
1037 1469 1098 1547 28,
1131 1467 1282 1534 ε’σιιὲδοισ’
1307 1469 1350 1536 S.

241 1573 284 1640 15
292 1601 305 1652 ;
334 1571 453 1638 deinde
483 1570 561 1646 ὅσος
581 1568 619 1636 S.
650 1570 712 1654 so,
740 1569 837 1654 μέσος
867 1567 904 1636 8.
926 1570 989 1648 21,
1018 1572 1109 1654 μέσοι
1128 1572 1172 1638 Α.
1194 1573 1237 1653 9,
1272 1574 1355 1648 ἴσος

325 1771 399 1842 Jnm
425 1793 503 1840 vero
532 1771 560 1838 si
582 1775 788 1864 quaerimus,
821 1775 908 1842 unde
928 1775 1007 1840 haee
1028 1772 1223 1866 duplicatio,
1257 1777 1351 1842 anti·

242 1876 349 1968 quiori
375 1873 571 1941 Graecorum
599 1877 730 1966 linguae
759 1876 892 1942 omnino
921 1878 1071 1966 propria,
1109 1889 1177 1944 orn
1206 1877 1275 1958 sit,
1308 1879 1349 1946 in

242 1979 349 2046 radice
382 1979 398 2041 ε’
405 2002 421 2053 ς
448 1987 581 2067 apparet
608 1979 649 2044 ab
678 1979 824 2068 origine,
854 1979 1027 2044 accedente
1049 1979 1150 2046 altero
1173 1983 1190 2057 ς
1211 1979 1250 2046 in
1275 1994 1350 2048 ter-

243 2079 434 2156 minatione,
464 2079 585 2168 duplex
618 2080 721 2170 sigma
749 2081 863 2146 luisse.
913 2081 952 2146 ln
980 2081 1088 2162 inituro
1110 2092 1143 2147 et
1161 2083 1291 2150 aoristo
1315 2087 1346 2151 1.

241 2183 282 2255 a'a'
294 2209 313 2250 e
330 2183 367 2252 ἷῖ
384 2194 493 2248 ποίοισι
532 2205 603 2246 esse
633 2177 797 2246 Senserita
828 2181 940 2272 lingua
970 2181 1082 2266 docet,
1125 2185 1220 2273 enjus
1253 2188 1346 2254 futu·

245 2311 315 2354 rum
342 2287 369 2352 l.
400 2294 433 2349 et
459 2281 687 2348 conditionalis
695 2329 707 2367 ‚
707 2307 822 2382 -puae
843 2293 986 2374 tempora
1007 2285 1205 2352 Graecorum
1228 2291 1348 2356 lntnro

241 2401 274 2456 el
294 2387 413 2454 aoriato
435 2385 463 2450 l.
483 2385 693 2476 respondent,
716 2386 744 2472 sj
767 2385 899 2466 hahent,
922 2398 958 2451 nt
977 2411 995 2452 a
1017 2388 1086 2453 rad.
1111 2388 1180 2454 lud
1201 2390 1267 2457 l'nl.
1294 2393 1343 2458 11.

242 2487 451 2578 tolajdsni,
482 2487 587 2554 (lond.
621 2489 827 2576 ntotsjam.
877 2488 1005 2554 Deinde
1035 2490 1153 2572 μέσσος
1180 2515 1198 2556 e
1230 2496 1347 2576 μιδιος

241 2603 297 2662 aut
322 2589 430 2682 potius
460 2599 572 2672 μεθιος
599 2601 704 2656 ortum
735 2615 825 2676 esse,
856 2591 972 2658 donent
995 2591 1126 2658 Sanser.
1150 2594 1342 2684 mndlaja‚

244 2693 316 2760 Las.
347 2689 524 2775 medius3
561 2715 666 2781 neque
695 2692 790 2758 aliter
816 2693 939 2758 Aeoles
967 2705 1049 2759 leste
1080 2695 1246 2784 Hesychio
1278 2723 1345 2787 pro

243 2796 350 2861 πέδιον
371 2792 521 2858 dicebant
541 2793 678 2871 πίσσαν,
708 2806 744 2859 ut
763 2805 850 2858 recte
870 2817 930 2882 pro
950 2795 1048 2859 πέσοι
1067 2797 1151 2862 serie
1170 2795 1344 2866 literarum

240 2899 376 2986 jubente
405 2903 583 2958 eon-selum
611 2905 671 2958 eat.
716 2891 792 2958 Non
820 2893 915 2958 aliter
938 2895 1049 2978 ἵσσος,
1077 2897 1164 2986 qnod
1185 2897 1266 2962 olim
1291 2900 1344 2966 di.

243 3021 368 3088 gamma
395 2993 550 3072 habebat,
583 3017 603 3061 e
630 2996 738 3070 Ildsoc
764 3005 874 3059 nutum
902 2994 1030 3061 videtur
1056 3021 1074 3062 a
1099 2997 1169 3064 rad.
1192 3001 1256 3064 mo
1276 2999 1340 3090 (ef.

246 3096 450 3181 ἐειδόμενος),
477 3093 594 3172 τόσσος
622 3107 685 3162 ele.
715 3119 734 3161 e
759 3121 883 3182 τοιιος,
914 3097 943 3163 si
972 3121 1193 3192 comparamus
1216 3101 1341 3172 Latino

245 3211 327 3282 lot,
349 3207 501 3264 tantus.

329 3297 364 3380 2)
387 3297 454 3365 Ubi
474 3299 572 3388 vulgo
594 3301 714 3392 duplex
736 3303 843 3388 dest,
866 3313 994 3369 tenetur
1013 3305 1099 3395 apud
1120 3305 1278 3393 Lesbios,
1302 3323 1340 3378 ut

245 3401 419 3484 θάλασσα,
440 3424 501 3467 nee
521 3401 601 3466 ferri
619 3413 726 3494 potest
746 3403 948 3486 κυπάσσιδες,
966 3407 1054 3497 qnod
1073 3407 1151 3475 Ale.
1173 3411 1196 3478 7
1216 3433 1257 3480 ax
1274 3411 1338 3480 At·

246 3504 311 3571 flea
331 3501 468 3570 diuleeto
490 3502 632 3596 irrepsit.

251 3831 314 3886 Non
332 3837 407 3886 recle
428 3828 533 3886 Ῑοσκοι
549 3833 695 3888 Aeolicum
711 3851 772 3890 essa
796 3849 877 3908 neget
893 3839 1022 3909 antiquus
1039 3841 1179 3898 technicns
1196 3861 1239 3916 ap.
1257 3847 1333 3903 Eun.

251 3921 319 3986 665,
336 3919 378 3974 1³.
398 3950 430 3963 -
465 3917 569 3974 Contra
592 3937 647 3974 non
673 3923 762 3992 ungis
783 3937 858 3979 recte
875 3925 953 3982 Eunt.
971 3931 1021 3998 10,
1038 3931 1072 3996 2,
1099 3931 1193 3988 Tnetz.
1218 3933 1332 3988 ediles.

252 4004 398 4074 opum,
417 4003 631 4074 duplicationem
648 4009 791 4064 Aeolicum
807 4024 957 4081 agnoscunt
975 4014 1002 4068 in
1021 4015 1122 4071 dativis
1140 4015 1257 4075 κῦνισοιν
1273 4031 1333 4091 eto,

253 4090 320 4160 quia
335 4089 456 4161 simplex
472 4093 489 4151 i
508 4091 535 4147 in
555 4093 598 4148 his
615 4095 727 4168 omniuo
745 4111 881 4156 mrumst
898 4101 1012 4156 dubium
1030 4113 1079 4158 est.
