2784 4768
251 331 285 416 §.
312 323 373 401 36.
426 329 482 400 De
508 330 787 424 consonantibus
813 335 1051 438 simplicibus.
1121 345 1193 425 173

191 527 236 609 2)
269 527 450 618 Antiquom
477 531 495 596 ἱ
522 531 638 600 Boeoti
667 537 810 608 retinent
837 565 911 615 eum
938 539 1103 632 lienibus,
1135 554 1192 621 ubi

109 627 227 717 lones,
261 629 384 716 Attici,
414 631 529 699 Lesbii
549 634 586 703 in
608 637 792 726 omutant,
822 655 858 709 ut
878 648 1006 730 Τι’κατο,
1037 652 1194 721 dcundum

15 791 16 818 5
107 754 155 797 nr.
182 731 284 811 1569,
307 757 336 798 a.
359 733 996 834 111.,'FcuotuFt'me1575prosi'uoos,
1020 753 1193 835 desedisset,⁸

105 829 158 896 τοῦ
180 857 243 922 pro
266 833 305 937 psi
323 835 391 902 vid.
415 839 446 920 ξ.
469 836 532 916 44,
554 841 596 924 25
631 843 843 929 Ποτιδάωνὸ)
873 848 948 915 Cor.
970 854 1010 936 25
1038 857 1114 919 τῦκα
1134 881 1193 945 pso

108 937 189 996 σῦκα
216 935 305 1024 apud
335 926 514 1005 Thebanos
540 951 622 1007 teste
654 941 807 1013 Strattide
837 949 968 1018 Comieo
994 979 1045 1042 ap.
1068 957 1193 1032 Athen.

107 1033 202 1100 xlv.
229 1062 264 1126 p.
283 1037 363 1122 621,
387 1039 426 1104 F.
477 1040 713 1133 comparentur
743 1059 906 1138 praeterea
935 1055 1058 1131 είλετοᾶς
1078 1061 1132 1126 vel
1153 1066 1194 1126 εἰ-

107 1135 235 1220 lemsis,
267 1162 372 1226 gensis
394 1143 554 1232 quoddam
587 1147 722 1232 salonii,
746 1150 849 1236 *eujus
879 1177 997 1220 nomen
1019 1157 1048 1222 si
1069 1173 1195 1231 recten

106 1239 265 1306 Boeotico
293 1243 412 1332 oppido
433 1247 580 1312 Εἰλέσιον
609 1248 791 1335 derivetur,
828 1252 923 1319 etiam
953 1257 1014 1323 hos
1043 1262 1084 1326 ab
1113 1264 1196 1354 ipsis

104 1340 242 1408 Boeotis
259 1345 401 1409 Eite'uov
422 1359 569 1414 vocatum
591 1349 721 1416 videtur
731 1334 751 1430 ,’
772 1353 838 1419 vid.
860 1354 957 1424 Miill.
982 1359 1136 1430 Orchom.
1159 1392 1194 1457 p.

104 1445 192 1528 4915
227 1449 400 1528 Τιλφῶσσα
420 1449 513 1528 fons,
537 1451 594 1542 qui
615 1477 634 1518 a
657 1455 889 1538 oltpn'nomen
910 1461 1036 1528 trahere
1055 1455 1207 1548 videtur,'

103 1547 148 1612 ei.
174 1543 257 1610 ibid.
280 1571 312 1636 p.
336 1549 418 1633 4805
444 1551 585 1642 deniqne
608 1547 762 1644 oppidum
782 1561 885 1642 ὶῖᾳαο
902 1563 956 1628 vel
984 1567 1084 1646 Τίφα,
1108 1569 1196 1636 unde
1258 1565 1259 1568 ¹

103 1649 221 1738 Argus
261 1649 459 1738 gubernator
497 1657 598 1738 Τῖφυς
625 1659 806 1748 appellatus
838 1661 950 1728 fertur.
981 1665 1047 1732 vid.
1081 1667 1195 1761 Steph.

103 1749 186 1839 Byz.
214 1775 241 1815 s.
264 1776 297 1816 v.
319 1753 420 1836 Σῖφαι
441 1765 473 1819 et
493 1754 564 1824 ints.

191 1851 360 1919 Peculiari
396 1857 592 1926 Boeotorum
626 1887 713 1928 inore
740 1863 898 1932 Doricum
933 1869 952 1932 i
987 1868 1022 1932 in
1061 1870 1081 1942 3
1109 1895 1196 1960 pers.

105 1955 217 2042 plum,
240 1955 327 2042 (pind
348 1957 447 2044 vulgo
469 1958 504 2024 in
525 1965 545 2026 ὀ
565 1975 720 2030 mutatum
743 1978 802 2044 est,
827 1965 904 2034 ino
923 1971 1057 2036 transit:
1081 1972 1198 2058 ἔχωοθο

105 2081 157 2121 nr.
185 2057 291 2135 1568,
315 2059 406 2123 insudo
427 2071 460 2126 et
483 2061 691 2130 oiuodsdtinnth
712 2091 761 2133 nr.
788 2070 888 2150 1569,
912 2095 942 2138 a.
966 2072 1029 2136 Ill.
1129 2097 1131 2102 ·

191 2157 357 2226 Laconico
388 2187 477 2228 more
509 2165 537 2231 t?
566 2167 601 2231 in
630 2167 651 2232 ὃ
678 2181 832 2238 mutatum
862 2184 913 2240 est
938 2173 974 2238 in
1002 2179 1047 2239 νεῖ
1074 2172 1115 2238 wi
1139 2175 1197 2240 osui

105 2261 214 2326 Arist.
237 2260 321 2326 Acis.
345 2263 409 2330 87⁶2
430 2277 462 2330 et
482 2265 526 2332 N.
551 2269 591 2332 Ρ.
614 2275 803 2359 Σιανορίδας
823 2299 873 2339 nr.
898 2276 996 2354 1574,
1020 2279 1079 2354 32,
1109 2279 1197 2369 quod

105 2387 167 2452 pro
195 2367 388 2448 Θεαοορῖδας
409 2390 481 2433 esse
503 2369 647 2450 videtur,
690 2397 755 2462 quo
781 2375 895 2439 reiensi
928 2390 1039 2464 posset
1059 2378 1198 2444 Lactan-

105 2465 172 2529 tius
196 2465 229 2543 1,
252 2465 336 2550 657
366 2465 434 2543 ouis
454 2468 629 2535 Aeolicum
651 2496 781 2539 vocans.
835 2476 883 2539 At
903 2501 1008 2565 neque
1029 2480 1129 2564 hujus
1149 2493 1197 2547 te-

107 2567 284 2650 stimonio,
315 2593 422 2660 neque
442 2570 676 2659 Aristophani,
705 2597 812 2664 neque
835 2577 1079 2666 corruptissimo
1101 2579 1198 2648 titulo

107 2669 190 2734 fides
220 2669 331 2734 haberi
359 2695 456 2760 posse
476 2671 621 2756 videtur,
659 2699 758 2764 quum
784 2687 949 2766 praeterea
977 2679 1100 2770 ubique
1121 2683 1199 2760 θεός

107 2773 160 2839 vel
179 2770 255 2846 θοὰς
274 2773 412 2862 legatur.
435 2771 504 2838 vid.
529 2767 559 2862 ᾗ.
583 2774 645 2858 38,
667 2777 749 2856 4⁵).

194 2870 229 2960 3)
253 2873 366 2964 Sigana
387 2873 473 2964 apud
494 2873 635 2942 Boeotos
656 2876 691 2942 in
714 2903 867 2969 asperum
887 2883 1004 2948 mutari
1024 2881 1160 2948 traditur
1180 2909 1199 2948 n

106 2974 279 3043 Prisciano
295 2979 322 3063 7)
344 2977 381 3041 in
402 2977 484 3060 μοῦᾶ
504 3000 564 3066 pro
584 2983 687 3062 μοῦσα
692 3009 705 3060 ,·
729 2983 856 3050 nullum
877 2995 983 3052 tamen
1005 2986 1076 3074 ejus
1098 2985 1199 3052 moris

142 3251 172 3317 5)
208 3248 314 3302 Herod.
331 3265 400 3319 π.μ.
411 3246 434 3304 t.
455 3255 498 3320 ll,
515 3256 532 3310 8
550 3262 694 3324 postquam
710 3253 747 3308 de
765 3254 915 3310 Homerico
932 3255 1093 3313 Ποσειδέων
1110 3261 1197 3316 dixit:

108 3332 188 3404 stapsi
209 3337 341 3390 Βοιωτοῖς
365 3335 525 3393 Ποτοιὸοἶοον
546 3344 694 3410 τραπέντος
715 3339 765 3395 τοῦ
784 3345 803 3396 ὅ
824 3341 860 3398 sit
880 3345 915 3409 f,
942 3344 1038 3399 addito
1060 3347 1199 3402 Corinnae

109 3423 266 3492 fingmento
284 3437 328 3476 nr.
346 3424 373 3491 1,
392 3423 440 3478 ubi
457 3425 617 3482 ΙΙοτοιδᾶων
633 3426 776 3496 scribitur3
794 3439 924 3498 corrupte
941 3429 970 3482 in
987 3434 1058 3484 Ann.
1077 3432 1133 3488 Ox.
1143 3433 1198 3500 111,

108 3512 178 3576 ast,
199 3511 231 3564 15
257 3503 273 3562 0'
290 3507 405 3580 ποιητής
422 3509 596 3567 Ποσειδάων·
621 3519 667 3568 κα)
684 3510 714 3592 oi
728 3521 844 3568 Βοιωτοὶ
868 3511 914 3568 dui
931 3513 981 3570 soi
1001 3519 1016 3570 ἳ
1033 3515 1198 3588 flondonius,

109 3597 156 3650 ubi
174 3591 323 3652 nefastus
340 3607 368 3652 et
385 3598 501 3652 tortasse
518 3597 563 3654 duni
580 3598 630 3655 τοῦ
643 3601 665 3656 ἰ
680 3601 877 3670 corrigendum
896 3611 948 3655 est.

142 3693 173 3757 6)
209 3689 274 3744 Non
300 3700 374 3746 recte
401 3692 563 3748 Boeclshius
586 3695 617 3750 C.
637 3695 661 3750 1.
688 3711 729 3750 nr.
749 3695 855 3763 724,b
888 3711 1006 3751 mensem
1034 3699 1197 3758 Boeoticnm

110 3773 284 3846 Θοιλοῦθιος,
307 3777 356 3846 qni
376 3777 403 3831 in
421 3780 529 3848 vulgari
548 3781 667 3837 dialecto
693 3785 754 3849 (nr.
776 3787 858 3852 16⁰8,
877 3783 915 3848 d)
943 3783 1094 3852 θηλοῦθιος
1110 3801 1197 3858 sonat,

110 3881 127 3920 a
143 3861 392 3948 nattam-derivat
399 3904 408 3933 ,
435 3883 518 3933 quum
537 3869 614 3922 nullo
632 3869 749 3924 modoi
772 3869 801 3924 in
817 3871 847 3924 Ξῖ
870 3870 986 3925 transire
1010 3876 1133 3942 potuerit
1149 3894 1198 3932 ne-
1313 3928 1315 3934 .

110 3969 165 4020 qne
181 3961 201 4006 ο
220 3952 249 4006 in
266 3955 306 4018 θ,
330 3950 422 4020 potius
439 3967 534 4005 vocem
551 3971 566 4008 e
583 3953 746 4010 necantem
764 3966 851 4010 ortam
869 3965 896 4010 et
915 3973 1034 4012 mensem
1051 3977 1068 4014 a
1085 3961 1131 4017 dei
1149 3981 1197 4018 eu-

107 4039 216 4108 jusdam
240 4037 361 4092 adventn
384 4037 551 4094 nominatum
574 4042 743 4112 putaverim,
769 4042 795 4097 si
819 4043 1006 4110 quaerendum
1029 4058 1071 4104 est
1087 4049 1123 4103 de
1143 4067 1196 4104 no-

110 4127 190 4181 minis
209 4125 330 4194 origine.

142 4227 169 4294 7)
206 4223 354 4302 Priscian.
363 4223 386 4278 1.
406 4239 434 4294 p.
452 4223 496 4277 40.
536 4223 628 4278 »Adeo
645 4239 735 4282 autem
752 4225 880 4294 cognatio
898 4237 939 4286 est
957 4227 1021 4284 huic
1039 4231 1145 4300 literae,
1163 4231 1194 4287 id
