2866 4766
224 341 301 418 380
481 337 515 430 §.
536 335 597 412 45.
640 339 696 411 De
719 335 836 410 variis
859 333 1059 432 particulis.

310 545 363 610 En
385 565 502 609 novem
531 541 709 633 particulae
738 543 859 608 formas
881 540 1021 609 Doricas
1053 542 1142 626 (ant,
1173 543 1203 609 si
1236 545 1338 609 nisti

225 649 266 714 ah
289 649 350 712 olel
370 645 549 730 discernis,
574 645 720 728 decem),
743 669 879 736 quarum
899 669 975 736 pars
991 645 1121 711 Atticae
1143 655 1176 712 et
1189 645 1334 714 lonicae

225 747 374 816 dialectis
386 747 569 814 eommunis
583 759 645 814 est.
691 745 729 812 Si
751 747 916 814 addideris
937 757 1079 839 quatuor
1102 749 1225 814 formas
1240 748 1331 816 Les·

224 852 335 918 hiacas
358 849 422 929 αἶϊ,
456 847 539 929 alit,
572 849 621 929 ἅΐ,
647 849 698 914 tit
718 849 786 918 vid.
810 849 881 916 L.1
903 849 935 932 ξ.
956 850 1011 934 29,
1036 851 1058 916 4
1079 861 1112 915 et
1132 850 1331 918 Boeotiean

224 954 263 1034 ἦΐ
279 953 322 1019 L.
341 953 357 1017 1
378 951 410 1036 ξ.
426 953 468 1018 40
489 963 556 1018 not.
574 953 613 1035 1,
642 951 890 1042 quatuordecim
911 951 1161 1042 conspiciuntur
1183 953 1329 1037 formae,

224 1079 292 1123 non
324 1053 518 1136 duodecim,
561 1065 642 1144 qnot
674 1054 882 1121 Herodianus
911 1053 1125 1120 enumeravit.
1180 1053 1267 1120 Nam
1292 1055 1329 1119 in

224 1155 465 1246 Etymologicis
496 1157 680 1238 Parisinus,
723 1155 781 1222 nhi
811 1157 931 1246 plenus
963 1181 1118 1222 numerus
1146 1155 1327 1246 reperitnr,

225 1260 344 1326 desunt
375 1259 428 1324 ἇέν
456 1270 489 1325 et
521 1260 583 1337 αἰέ,
617 1282 802 1350 quanquam
831 1261 893 1325 hoc
914 1258 1048 1350 quidem
1070 1259 1110 1324 ah
1132 1259 1328 1326 Herodiano

225 1371 509 1430 commemoratum
533 1385 606 1426 esse
627 1360 864 1450 Theoqnostus
887 1360 994 1428 docet.
1038 1359 1214 1448 Ceterum,
1240 1385 1328 1453 qnae

225 1465 292 1532 sint
312 1474 420 1529 tantae
440 1464 606 1530 varietatis
627 1487 762 1548 causae,
798 1487 887 1530 nnnc
909 1463 1043 1556 quidem
1065 1463 1231 1556 explicare
1255 1493 1327 1535 non

225 1567 427 1635 conabimur.
482 1567 567 1633 Prae
594 1565 735 1656 reliquis
765 1563 898 1632 Doricis
927 1567 1044 1633 formis
1072 1568 1228 1634 miramur
1256 1571 1326 1638 Ta·

224 1671 388 1738 rentinum
412 1668 484 1752 αἰὴ,
507 1669 585 1760 quia
609 1669 804 1758 diphthongi
825 1693 853 1734 ss
874 1669 910 1734 in
932 1695 952 1746 η
975 1679 1116 1738 mutatae
1137 1671 1227 1737 nulla
1247 1673 1324 1739 ido·

224 1797 285 1840 nea
307 1797 406 1841 causa
427 1783 580 1864 apparet,
604 1783 636 1838 et
656 1783 829 1839 servarunt
844 1771 1099 1838 Tarentinorum
1121 1773 1231 1839 coloni
1251 1773 1323 1840 lle-

223 1877 408 1943 racleeuses
430 1877 466 1943 in
489 1874 548 1940 ἀεὶ.

308 1980 343 2060 2)
387 1977 547 2044 Doricum
570 1968 650 2044 esse'
667 1979 710 2041 αι’
721 2000 788 2067 ‚pro
814 1979 850 2042 εἰ
868 1998 930 2042 nee
951 1975 1061 2042 minus
1085 1977 1156 2042 αἴθε
1177 2000 1238 2066 pro
1258 1979 1325 2044 εἴθε

225 2080 415 2169 saepissime
436 2079 640 2168 grammatici
668 2090 829 2145 testantur
857 2077 923 2142 vid.
947 2078 979 2162 §.
1005 2079 1067 2160 22,
1088 2079 1120 2144 5.
1164 2077 1257 2145 Inter
1284 2081 1325 2146 ti·

223 2181 312 2246 tulos
346 2183 404 2249 illa
438 2183 543 2247 forma
573 2193 709 2248 utuntur
742 2181 865 2270 Amph.
900 2179 1008 2265 1688,
1052 2179 1189 2271 Corcpr.
1225 2183 1324 2266 1850,

223 2285 377 2375 Astypal.
400 2284 497 2352 2483.
520 2269 624 2368 2484,
659 2283 748 2350 Cret.
771 2281 875 2367 2555,
907 2281 1038 2348 tabulae
1068 2283 1323 2368 Heracleenses,

225 2387 292 2453 uisi
314 2387 404 2478 quod
426 2389 533 2464 altasar
553 2388 677 2476 legitur
698 2387 735 2470 l,
758 2385 812 2452 79.
857 2383 1050 2450 Promiscne
1072 2387 1108 2450 αι’
1125 2395 1159 2451 et
1180 2387 1210 2449 al
1228 2409 1324 2452 nsnr·

223 2503 344 2579 pantur
365 2492 400 2556 in
424 2489 534 2556 Rhnd.
558 2489 654 2574 2525,
677 2489 719 2567 1),
752 2486 840 2555 Cret.
863 2485 948 2555 2556
969 2497 1002 2552 ct
1022 2485 1162 2554 Creticis
1183 2488 1324 2557 minoris

223 2591 301 2658 fidei
322 2593 418 2661 2554.
443 2593 538 2661 3048.
565 2591 660 2660 3049.
686 2591 780 2659 3058.
828 2589 941 2656 Solum
971 2592 1000 2653 εἰ
1022 2590 1185 2679 reperitnr
1213 2590 1251 2655 in
1272 2616 1322 2657 re·

224 2695 426 2764 certioribus
445 2695 619 2786 Delphicis
642 2706 674 2762 et
697 2692 872 2778 Phocicis,
895 2691 931 2756 in
955 2689 1201 2781 Corcpr.1845.
1223 2693 1322 2776 1846,

224 2797 325 2864 Ther.
355 2799 440 2865 2448
472 2809 506 2863 et
535 2797 612 2864 aliis
639 2795 806 2864 inferioris
835 2791 961 2860 aetatis.
1016 2793 1168 2860 Genuina
1196 2795 1322 2864 Dorica

223 2899 328 2965 forma
351 2902 386 2964 αι’
411 2902 501 2982 (nam
523 2902 551 2962 εἰ
569 2899 605 2963 in
626 2897 864 2964 recentioribus
886 2897 994 2962 titulis
1017 2920 1035 2962 e
1056 2895 1185 2985 vulgari
1206 2897 1322 2990 lingna

222 3011 390 3088 acceptum
424 3023 497 3064 esse
526 2999 673 3090 apparet)
705 2998 829 3088 nhiqne
857 2998 1019 3089 reperitnr
1046 3000 1135 3089 apnd
1161 2999 1322 3090 Epichar-

222 3125 311 3172 mnm
340 3103 382 3166 fr.
405 3101 459 3168 44.
483 3102 537 3168 94.
561 3103 622 3186 96,
658 3101 863 3191 Sophronem
895 3103 937 3167 fr.
967 3099 1029 3185 65,
1063 3102 1099 3166 in
1129 3102 1321 3193 loederihaa

223 3205 311 3294 apud
342 3203 589 3294 Thucydidem,
622 3203 657 3268 in
688 3202 896 3295 Megarensis
928 3203 1038 3270 verhis
1067 3203 1214 3270 Achai-n.
1244 3205 1318 3273 732.

221 3307 297 3376 738.
320 3307 395 3375 739.
420 3309 484 3375 754
516 3307 598 3380 (nisi
626 3307 715 3400 quod
746 3311 830 3392 εἴπερ
861 3305 1014 3372 traditum
1042 3319 1093 3372 est
1114 3305 1215 3394 720),
1252 3309 1319 3400 ple·

222 3433 361 3502 rumque
391 3409 477 3500 apud
507 3409 741 3494 Theocritum,
781 3410 840 3499 qni
870 3409 966 3476 etiam
996 3409 1188 3498 compositis
1218 3409 1319 3478 alitur

224 3513 312 3597 αἵπερ
335 3511 432 3596 Vlll,
456 3513 517 3592 37,
543 3515 605 3578 αἵτε
626 3555 669 3567 -
691 3515 755 3580 αἵτε
778 3512 824 3596 V,
847 3513 900 3579 74.
916 3509 971 3594 75,
994 3513 1067 3576 αἴθε
1088 3509 1154 3592 111,
1180 3511 1223 3578 12
1240 3523 1317 3595 ele„

224 3637 323 3704 saepe
344 3615 433 3702 apnd
446 3615 691 3683 Archimedem.
736 3615 860 3684 Eadem
882 3615 986 3680 forma
1008 3623 1142 3704 apparet
1162 3613 1197 3678 in
1221 3616 1321 3680 αἱαιαί

221 3714 342 3805 Epich.
369 3716 452 3800 106,
476 3719 615 3802 messapo!
634 3717 753 3808 Epieh.
779 3717 818 3802 5,
849 3715 1021 3801 ὥςπεραίκ’
1044 3717 1068 3780 i.
1093 3739 1122 3782 e.
1149 3718 1320 3803 olenspaarl

220 3815 341 3908 Sophr.
365 3819 405 3883 51
429 3831 462 3884 et
482 3819 621 3886 maxime
643 3821 679 3888 in
703 3821 777 3886 ulae
798 3843 858 3911 pro
882 3819 936 3884 ἐάν
958 3817 1025 3885 vid.
1051 3841 1144 3908 seqq.

306 3917 515 3987 Memor-ahili
548 3947 610 3988 usn
640 3921 659 4001 ἠ
688 3946 747 4012 pro
776 3926 806 3986 εἰ
824 3923 860 3986 in
883 3921 1136 4012 interrogatione
1158 3921 1317 3988 indirecta

221 4021 366 4111 positum
388 4035 438 4086 ess
460 4023 591 4094 Heracl.
616 4026 659 4110 1,
683 4025 725 4093 77
748 4023 967 4108 ἀμφίστασθαα
988 4023 1010 4102 ἥ
1032 4051 1072 4088 αα
1093 4024 1318 4108 uepusedaoms

220 4123 290 4189 i.e.
313 4123 543 4213 anquirere
565 4149 657 4194 num
680 4122 990 4218 plantaverint,
1014 4127 1313 4217 etAstypal.2483.

220 4226 305 4294 2484
335 4228 611 4311 διαψαφίξααθαι,
647 4228 667 4309 η’
694 4228 898 4316 (Bocchhins
920 4229 1063 4297 correxit
1085 4229 1132 4315 αἰ)
1154 4231 1240 4296 deaei
1262 4226 1316 4294 asi·
