2814 4760
123 370 155 464 §.
165 372 227 450 5⁰.
245 367 466 446 DeDoridis
478 391 657 470 genomm
671 383 709 442 et
720 367 928 466 specierum
942 373 1094 476 origine.
1131 319 1210 451 tto

1 621 3 648 ‚
121 574 236 641 iissem
257 575 363 642 luisse
383 583 529 656 constat,
551 572 609 640 vir
629 570 699 640 ullo
715 571 793 660 jure
812 569 955 640 Doricae
976 574 1154 660 babentur,
1177 587 1212 642 et

1 719 3 754 ,
121 685 211 742 tants
239 687 292 742 cst
317 675 428 759 illius,
461 674 544 741 adeo
564 673 651 740 inter
670 675 817 742 contines
838 675 978 766 populos
1000 687 1037 741 ut
1058 677 1211 745 Olontios

1 823 2 854 ,
121 791 155 844 et
176 777 312 862 Latios,
334 777 490 854 varietas,
514 799 599 868 quse
621 775 678 842 six
699 799 718 842 e
739 778 904 844 communi
926 777 1104 867 Spartanae
1124 781 1211 846 eolo·

1 931 2 956 ,
121 879 198 946 nise
218 881 310 946 toute
331 877 472 945 derivari
500 879 617 968 possit.
672 876 795 946 Corus
813 901 900 970 poue
920 879 1062 946 Graecss
1084 893 1212 970 pentes,

120 1001 207 1074 quae
229 981 359 1048 Cretam
381 991 457 1046 aute
477 979 706 1070 migrationem
725 977 880 1046 Doricam
901 980 1106 1066 habitarunt,
1146 981 1213 1050 dis·

121 1083 217 1150 lectis
245 1107 323 1151 usas
349 1083 455 1150 luisse
483 1081 781 1173 Peloponnesiacae
807 1081 879 1168 illi,
912 1094 950 1148 ut
976 1083 1021 1150 ita
1049 1085 1213 1174 appellare

95 1185 239 1270 'liceat,
262 1184 527 1275 cognatissimis3
559 1184 663 1264 adde,
687 1183 822 1252 eandem
842 1185 883 1250 ab
904 1185 1048 1252 Acbscis
1071 1185 1214 1253 Doricae

122 1286 287 1376 potentiae
308 1287 503 1356 cedentibus
523 1287 647 1354 illatam
668 1307 764 1370 esse,
793 1307 855 1352 uec
876 1287 1055 1378 quidquam
1077 1288 1113 1354 in
1135 1287 1214 1356 Gre-

122 1391 260 1456 ticsrum
283 1389 495 1456 dialectorum
516 1389 642 1456 ratione
665 1411 732 1455 non
753 1387 910 1477 explicari
924 1413 1024 1480 posse
1036 1390 1212 1458 ridebitur.

124 1491 277 1558 Ceterum
298 1491 454 1557 Doricam
477 1489 638 1558 coloniam
659 1504 734 1558 aste
752 1489 877 1558 blinoia
898 1502 1034 1558 aetatem
1047 1492 1215 1582 Tectapbo

123 1593 208 1662 duee
237 1617 278 1660 ex
299 1591 525 1662 Hestiaeotide
552 1593 731 1684 prolectam
759 1591 858 1660 tacite
886 1617 960 1660 cum
984 1593 1134 1662 Hoecbio
1158 1595 1216 1660 ds·

120 1695 316 1766 mnasimus.
349 1735 392 1748 -
434 1695 523 1762 Auta
549 1695 762 1762 Tarentinam
797 1695 960 1762 coloniam
988 1697 1168 1787 Spartanos
1198 1719 1216 1766 s

122 1799 268 1889 grauius
298 1797 425 1865 Doride
456 1797 666 1876 desuevisse,
710 1797 790 1864 satis
817 1797 976 1866 credibile
1007 1812 1070 1866 est.
1125 1798 1218 1882 Quid

122 1923 223 1986 sero,
245 1899 334 1991 quod
348 1901 555 1966 Acbseorum
575 1899 610 1966 in
629 1899 725 1967 ltalia
746 1899 895 1968 coloniae
916 1901 1064 1989 ejusdem
1080 1901 1217 1972 Doridis

125 2003 300 2071 severioris
320 2001 496 2095 participes
524 2001 630 2069 luisse
657 2003 836 2068 videntur?
879 2001 955 2092 quis
981 2027 1053 2069 erm
1078 2027 1098 2070 s
1119 2002 1217 2095 Spar·

122 2105 210 2172 tanis
237 2117 292 2172 aut
312 2105 504 2171 Tarentinis
532 2113 731 2194 assumptam
761 2127 870 2198 neque
891 2105 1098 2172 Achaeorum
1119 2105 1216 2174 Pelo·

122 2207 397 2300 ponuesiscorum
428 2207 593 2298 propriam
630 2207 737 2273 luisse
772 2205 839 2272 sibi
877 2207 1108 2297 persuaserit?
1170 2208 1218 2274 At

124 2309 252 2376 Acbari
281 2335 322 2376 er
344 2310 417 2400 ipss
437 2309 602 2377 Laconica
622 2308 762 2399 proiecti
784 2308 947 2376 mitiorem
968 2309 1126 2378 Doridem
1146 2309 1217 2376 ble-

125 2412 194 2478 lum
221 2423 254 2476 et
273 2411 414 2480 'l'berssu
442 2413 691 2478 transtulerunt.
745 2409 821 2476 Nou
841 2411 969 2478 Acbsei
991 2413 1126 2502 opinor,
1159 2411 1219 2478 sed

124 2511 259 2601 blinpae
271 2557 282 2596 ,
327 2535 410 2602 quus
438 2513 524 2578 iuter
552 2513 681 2578 'l'beraa
711 2511 845 2601 quidem
875 2513 1011 2580 colonos
1040 2513 1219 2603 plurimum

125 2613 268 2682 rsluisse
289 2625 428 2682 coustrt.
476 2614 541 2686 llis
563 2614 669 2692 euim,
704 2637 722 2680 e
743 2613 966 2680 Pboceusium
986 2627 1020 2679 et
1038 2615 1220 2682 Locrorum

123 2716 248 2788 vicinis
269 2715 432 2796 oriundis,
455 2715 618 2786 mitiorem
632 2713 794 2783 Doridem
812 2714 1008 2784 familiarem
1020 2716 1125 2784 luisse
1139 2717 1220 2786 satis

124 2818 298 2912 probabile
321 2829 382 2887 est.

211 2920 321 2990 blults
343 2919 441 2988 etism
462 2917 568 3010 ansgis
589 2943 687 3012 quam
701 2921 853 3014 Spartani
869 2943 906 2988 ea
919 2921 1112 2991 Aetolorum
1130 2945 1220 3015 pars,

127 3046 214 3115 quse
233 3021 426 3092 Heraclidas
449 3033 588 3114 sequuta
611 3023 743 3093 Elidem
766 3024 959 3115 occupavit,
995 3025 1132 3116 patriam
1152 3025 1220 3094 dis·

129 3127 254 3194 lectum
290 3137 434 3194 mutasse
468 3125 609 3194 videtur.
663 3127 746 3194 Nam
777 3127 924 3195 Eliscsss
952 3126 1128 3195 disleetam
1154 3151 1222 3194 uon

129 3229 172 3295 sb
193 3227 322 3294 Aetolis
342 3229 546 3318 inportatam
568 3251 664 3308 esse,
687 3241 811 3296 certum
834 3241 941 3308 esset,
964 3229 995 3295 si
1015 3229 1222 3297 Eretrienses

132 3330 239 3420 sigma
260 3328 296 3393 in
315 3331 375 3396 ebo
395 3330 543 3397 mutandi
564 3353 688 3398 morem
708 3343 797 3399 recte
820 3331 860 3396 sb
877 3329 973 3397 Eleis
991 3331 1120 3398 colosis
1140 3333 1223 3413 (nou

131 3441 208 3522 post
226 3429 472 3498 llersclidsrum
500 3430 656 3521 reditum)
689 3433 855 3522 accepisse
883 3432 1088 3500 mederentur
1114 3455 1223 3522 neque

132 3555 171 3600 es
193 3531 335 3598 usrrstio
361 3545 493 3622 propter
520 3535 614 3604 illius
641 3535 831 3602 mutationis
860 3534 1122 3602 cummunionem
1147 3535 1224 3602 licta

132 3631 238 3703 sideri
259 3645 381 3722 posset.
425 3635 492 3702 Vel
519 3637 567 3704 sic
594 3649 702 3705 tamen
723 3661 789 3705 non
809 3637 982 3728 probabile
1002 3649 1054 3703 est
1075 3637 1224 3704 Eliscam

132 3735 330 3820 dialectum,
354 3759 437 3827 quae
459 3738 563 3805 multo
584 3741 689 3832 magis
710 3765 807 3831 quam
829 3739 990 3808 Arcadius
1010 3763 1085 3806 cum
1097 3739 1225 3807 Doride

131 3839 346 3930 discrepans,
382 3839 437 3905 vix
463 3840 533 3908 ullo
556 3841 634 3928 jure
653 3844 740 3910 intes·
759 3843 861 3930 bujus
882 3842 1009 3934 species
1033 3844 1224 3923 referretur,

132 3943 174 4008 ab
202 3940 335 4008 Aetolis
364 3940 573 4010 derivandam
605 3967 697 4030 esse,
731 3945 789 4035 qui
818 3945 904 4013 circs
932 3971 964 4012 a.
993 3945 1057 4014 ³⁰0
1084 3944 1224 4011 mitioris

133 4043 271 4110 Doridis
298 4043 545 4133 septentrionali
574 4046 685 4136 specie
713 4046 766 4112 usi
795 4060 884 4116 suut.
938 4049 1053 4139 ltaque
1079 4045 1225 4113 Elissam

135 4146 285 4238 linguam
305 4147 347 4215 sd
366 4145 496 4238 priscos
516 4159 621 4216 terrae
641 4149 787 4234 incolas,
807 4149 939 4244 Epeos,
962 4169 1165 4218 reroesmss.
