2814 4760
393 364 427 458 5.
455 363 516 440 48.
568 361 626 438 De
650 357 802 434 mitiore
826 357 976 435 Doride.
1154 358 1230 440 tls

8 559 18 626 i
134 570 232 640 etiam
251 567 348 636 verba
369 573 533 633 contracta
554 572 588 629 et
609 561 718 628 lutura
737 559 862 650 tangit,
891 558 1022 628 differre
1044 563 1174 632 ridetur
1193 575 1231 634 nt

8 685 18 728 Ι
134 673 371 756 Μοιραγένευς,
404 663 657 752 προωνεύμενος,
689 665 891 729 statuarum.
939 661 1129 734 lnlinitivus
1151 691 1228 736 coar.

7 787 17 830 Ι
127 771 315 864 jugatiouis
337 771 373 836 iu
394 795 429 854 μι
448 766 677 836 terminatione
698 763 827 857 vulgari
845 765 949 832 utitur
963 776 1001 833 ut
1019 765 1128 849 δόμεν,
1152 769 1230 838 item

131 876 228 944 tertia
249 871 389 966 pluralis
409 869 566 938 infinitivi
588 881 624 936 ut
650 867 771 955 dinosa
793 880 1009 941 ammaum
1030 870 1229 959 syliabarum

131 975 297 1069 correptio
318 997 386 1042 uon
407 983 594 1064 usurpatur.

217 1135 249 1214 c)
279 1131 563 1197 'Pheraeorum
588 1125 746 1198 dialectus
767 1149 785 1194 a
806 1127 1075 1220 vulgariDoride
1089 1131 1229 1200 maxime

134 1237 331 1328 syllabarum
353 1231 502 1298 finalium
523 1232 730 1322 correptione
752 1223 968 1318 distinguitur
987 1241 1025 1298 ut
1045 1232 1098 1312 τὰς
1123 1234 1228 1332 νόμος,

134 1342 234 1423 λε’γες,
257 1335 353 1412 θύεν,
378 1331 488 1418 dyoya'a
509 1331 575 1399 vid.
598 1329 631 1415 §-
647 1333 711 1420 213
734 1331 854 1399 deinde
874 1333 990 1400 tertiae
1010 1333 1149 1423 pluralis
1170 1333 1230 1402 im·

133 1437 271 1534 perativi
292 1433 520 1502 terminatione
541 1461 584 1500 ων
604 1445 641 1500 ut
662 1434 816 1521 ἐχόντων,
844 1435 1066 1523 πορευε’σθων;
1098 1439 1230 1507 vocales

133 1567 166 1606 ao
189 1563 255 1606 nou
278 1537 467 1604 coalescunt
487 1535 523 1602 in
546 1536 665 1606 annisi
687 1535 723 1602 in
745 1537 939 1604 nominibus
964 1561 1039 1604 cum
1054 1543 1129 1619 κλῆς
1144 1563 1230 1607 com·

130 1641 250 1736 positis
274 1650 312 1706 ut
332 1638 502 1718 Ἰσοκλεῦς,
526 1663 626 1730 quum
649 1639 685 1706 in
707 1639 849 1732 reliquis
871 1637 1029 1728 genitivis
1049 1653 1082 1706 et
1103 1641 1139 1708 in
1159 1667 1230 1710 ver·
1267 1653 1270 1670 ⁴

130 1743 184 1812 hia
208 1767 244 1809 ov
265 1753 438 1826 nascatur,
473 1752 509 1806 ut
532 1741 760 1826 Hocfiaraiouc,
792 1740 1028 1826 ἇφαιροὺηων,
1061 1745 1228 1820 autom.

131 1845 321 1913 lniiuitivus
350 1841 594 1934 coujugationis
625 1843 661 1910 iu
688 1870 723 1926 μι
749 1843 918 1934 vulgarem
940 1845 1097 1912 Doricam
1117 1847 1231 1914 termi-

133 1947 300 2016 nationem
323 1957 431 2013 servat
452 1955 489 2011 ut
510 1943 612 2029 δόμεν.
635 1983 678 1996 -
708 1945 787 2012 Coi
809 1969 882 2014 cum
904 1945 1063 2014 'l'beraeis
1081 1947 1230 2016 finalium

132 2049 331 2142 syllabarum
354 2047 592 2140 correptionem
613 2071 817 2114 communem
839 2047 1019 2134 habebant,
1040 2059 1078 2116 ut
1098 2064 1231 2142 apparet

132 2177 153 2220 e
181 2151 277 2218 titulo
306 2176 356 2218 ur.
379 2149 477 2218 2508.
522 2149 593 2216 Eos
613 2149 720 2240 magis
743 2173 841 2240 quam
863 2146 1032 2218 Theraeos
1056 2151 1230 2242 diphthon-

134 2280 214 2348 gum
238 2279 271 2320 ευ
292 2251 512 2320 contrahendo
542 2251 710 2337 effecisse,
742 2253 814 2320 noli
836 2277 855 2320 e
876 2277 929 2319 nr.
949 2255 1034 2322 2513
1056 2253 1227 2346 colligere.

131 2359 184 2428 Ea
206 2357 293 2424 euim
316 2354 509 2445 inscriptio,
533 2380 630 2446 vam
645 2353 864 2430 Fourmontus
886 2367 998 2448 aperto
1020 2379 1129 2423 errore
1144 2357 1230 2426 Chio

131 2459 268 2544 tribuit,
292 2455 479 2524 Boeclcbius
503 2479 521 2522 e
544 2457 730 2542 conjectura
752 2457 838 2523 inter
852 2455 939 2523 Coae
957 2458 1087 2548 posuit,
1110 2457 1230 2528 Rhodo

128 2557 330 2657 'vindicanda
351 2581 425 2624 esse
445 2555 576 2624 videtur
597 2558 643 2624 cl'.
666 2583 718 2624 nr.
741 2558 839 2626 2545.
861 2557 959 2630 2546.
992 2631 995 2639 Α

6 993 14 1034 Ι

5 1201 12 1242 Ι

5 1305 11 1346 l

4 1409 9 1450 Ι

217 2715 293 2800 Quo
314 2713 640 2802 Anapbaeorum
667 2711 783 2801 lingua
802 2712 974 2782 referenda
994 2714 1058 2799 sit,
1092 2739 1159 2786 non
1180 2741 1229 2786 aa·

130 2819 177 2888 tia
197 2825 343 2910 apparet.
387 2815 530 2905 Propter
558 2825 680 2896 aretam¹
709 2829 784 2882 cum
807 2815 967 2884 'l’beraeis
987 2817 1227 2906 cognationem

130 2922 175 2991 de
208 2945 271 3012 qua
303 2917 379 2986 vide
409 2917 569 2986 Roscium
601 2917 638 2984 in
667 2915 765 2988 Actis
793 2919 992 2988 Academiae
1019 2918 1229 3002 Monacensio

131 3023 222 3095 llist.
243 3021 334 3089 Phil.
367 3019 452 3088 1837
478 3043 513 3110 p.
535 3019 597 3088 401
622 3043 738 3110 seqq„
770 3020 911 3090 simile·
932 3022 1100 3092 Tberaesc
1128 3023 1229 3092 diale-

131 3137 221 3194 ctum
242 3123 329 3215 apud
345 3123 545 3213 Anapbaeos
566 3122 782 3220 auspicamur.
825 3123 929 3194 Nullo
949 3137 1057 3194 tamen
1078 3129 1228 3218 exemplo

132 3227 316 3312 indicatur,
338 3235 447 3292 unum
469 3237 629 3294 extrema
651 3225 794 3314 syllabas
814 3227 1053 3319 corripuerint,
1082 3229 1118 3296 id
1139 3229 1228 3320 qnod

133 3327 293 3397 'l'beraeia
315 3327 488 3418 praecipue
509 3327 675 3418 peculiare
698 3339 768 3414 cst,
802 3353 928 3416 necne3
965 3355 998 3396 au
1015 3331 1052 3396 in
1072 3331 1228 3419 genitivis

135 3431 266 3521 caepim
287 3453 383 3518 qnam
403 3429 544 3498 Theraei
566 3429 787 3510 admiserunt,
811 3441 848 3498 ut
871 3432 1127 3518 Τελεσικράτιυςς
1150 3455 1228 3500 uum

132 3533 232 3600 etiam
261 3533 297 3597 in
318 3531 447 3615 verbis,
478 3557 545 3600 uon
571 3543 671 3622 patet.
726 3532 903 3602 lniiuitivia
925 3535 1170 3626 conjugationis
1191 3535 1227 3604 in

132 3661 171 3723 μι
191 3632 337 3721 vulgaris
360 3631 545 3700 terminatio
572 3646 622 3704 eet
650 3645 687 3700 ut
716 3635 864 3717 δοθῆμεν.
894 3679 936 3692 -
987 3635 1101 3706 blinna
1129 3639 1228 3706 etiarn

131 3744 283 3805 accurate
304 3733 345 3800 de
366 3733 594 3803 bleliorum
622 3736 762 3806 dialecto
784 3749 927 3818 conant,
958 3763 1061 3830 quum
1080 3765 1099 3809 e
1119 3741 1227 3810 titulis
1403 3795 1405 3840 4

130 3839 220 3910 nibil
241 3846 393 3929 appareat
412 3835 479 3904 nisi
499 3835 629 3905 mitiore
644 3839 771 3910 Doride
792 3863 872 3910 uaos
894 3865 967 3910 erae
989 3841 1154 3931 genitivos
1176 3869 1227 3912 se·
1403 3841 1405 3922 l

131 3941 260 4010 eundae
281 3936 512 4006 declinationis
540 3939 577 4006 in
607 3965 644 4008 ou
669 3943 884 4030 terminante3
917 3944 953 4010 iu
974 3944 1226 4038 Pholegandriia
1402 3929 1404 4034 l

132 4040 407 4136 inscriptionibus
427 4065 471 4110 ne
492 4061 599 4132 genua
620 4044 754 4135 quidem
774 4045 913 4116 Doridis
934 4047 1079 4118 decerni
1105 4055 1223 4136 potest.
1401 4045 1404 4124 Ι
