2844 4770
203 321 257 404 ιι
548 327 645 422 §.e
697 327 951 408 neronom.

205 527 279 595 sine
301 525 421 615 tttsis,
453 551 551 622 seepe
578 557 620 600 ue
647 534 772 600 monito
799 533 931 626 quidem
951 533 1096 620 lectore,
1127 531 1300 601 restituere

205 641 341 697 conatus
360 627 443 709 ¹(vid.
465 631 575 702 Praef.
606 661 640 728 p.
663 635 750 703 XXI
769 648 804 704 et
824 637 864 704 Ρ.
888 639 905 704 1
924 661 959 728 p.
981 637 1058 718 710)
1080 637 1301 723 hauddubie,

206 739 379 824 quaeerit
407 733 618 804 dialectorum
643 738 701 805 illa
731 749 834 808 aetate
861 738 1028 830 cognitio,
1062 739 1164 806 multa
1189 739 1301 832 potins

206 829 355 924 eurrnpit
379 821 477 926 quim
506 842 659 908 correxit.
714 841 781 909 Sed
809 867 851 908 ne
881 841 1093 910 audecissima
1114 843 1247 934 quidem
1268 851 1302 910 et

205 931 440 1006 violentissime
471 939 583 1008 criden
612 943 647 1009 id
667 944 804 1031 efficiet,
837 957 874 1011 ut
894 955 949 1011 aut
967 969 1049 1036 pura
1069 945 1171 1012 Doris
1192 945 1302 1014 ltnlio·

205 1035 271 1104 tica
298 1051 354 1106 aut
380 1051 467 1109 certe
495 1043 652 1112 dialectus
681 1048 778 1114 certis
804 1047 999 1139 quibusdem
1026 1047 1156 1138 legibus
1179 1049 1302 1116 obtem·

205 1161 324 1230 perans
353 1143 551 1212 restituatur.
606 1147 723 1238 Neque
750 1160 858 1242 tamen
885 1150 1022 1218 istorum
1049 1151 1090 1217 ad
1110 1151 1303 1219 lteliotieane

206 1239 381 1310 dialectum
402 1248 662 1336 cognoscendam
681 1251 793 1318 nullus
815 1263 866 1319 est
885 1277 976 1319 usna.
1018 1253 1119 1320 οΝιιιι
1140 1254 1197 1344 qui
1219 1254 1301 1320 anti·

206 1337 285 1434 quis
297 1345 513 1438 Pythagoreis
534 1351 637 1419 libros
658 1361 691 1418 et
713 1354 866 1444 epistolas
887 1367 1146 1446 supposuerunt,
1170 1355 1302 1424 disleeti

153 1491 156 1498 .
182 1447 429 1536 .eognitiouem
451 1451 592 1542 aliquam
615 1479 634 1520 e
654 1456 807 1544 genuinis
828 1457 959 1549 seriptis
976 1458 1123 1524 hausisse
1136 1457 1301 1545 videntur,

207 1571 309 1639 quum
330 1553 416 1618 band
437 1576 510 1619 raro
533 1555 629 1620 etiam
647 1557 896 1628 reconditiorem
918 1559 1050 1628 italicae
1070 1560 1205 1628 Doridis
1225 1585 1302 1653 pro·

206 1651 377 1742 prietatem
398 1653 514 1721 imitati
535 1655 612 1722 sint.

291 1750 431 1830 Pbilolei
450 1756 607 1849 reliquias
628 1783 647 1826 a
664 1761 901 1852 suppositionis
915 1764 1102 1854 suspicione
1115 1763 1301 1832 Bneclrbins

206 1851 394 1925 rindieevit.
458 1857 577 1950 Neque
615 1861 772 1930 disiectus
804 1875 929 1930 tantum
960 1865 1149 1932 offensionis
1189 1864 1300 1952 babet,

207 1960 421 2045 quantumin
442 1959 579 2051 reliquis
600 1953 879 2054 Pythagoicorum
907 1967 1109 2058 fragmentis.
1164 1969 1249 2037 Nam
1271 1969 1302 2036 si

207 2055 358 2124 ultimum
379 2061 596 2150 fragmentum
616 2087 651 2155 p.
676 2067 799 2134 164-13.
823 2071 854 2148 (e
877 2069 1010 2137 Stobaei
1031 2070 1104 2137 Eel.
1128 2071 1165 2157 Ι,
1187 2073 1243 2158 21,
1264 2075 1300 2150 2)

206 2157 372 2249 excipias,
406 2165 495 2253 quod
521 2164 562 2230 sb
589 2167 677 2233 omni
704 2181 796 2259 parte
818 2171 1098 2263 corruptissimum
1119 2184 1170 2241 est
1190 2185 1224 2242 et
1244 2174 1302 2241 du-

205 2257 373 2330 bitationis
395 2266 549 2356 plenum,
578 2269 705 2360 reliqua
727 2283 813 2338 certe
834 2273 919 2340 nibil
940 2275 1111 2361 Lesbiaci,
1146 2277 1228 2344 nibil
1248 2279 1301 2344 lo·

206 2360 296 2449 niei,
333 2365 418 2434 nibil
437 2369 646 2459 bpperdorici
666 2373 808 2461 babent,
846 2387 958 2443 notatu
987 2377 1214 2469 dignissimum
1235 2389 1299 2465 ost,

206 2464 296 2554 quod
308 2489 498 2560 uunquam,
521 2471 569 2539 nti
590 2474 677 2542 infra
696 2475 1001 2566 demonstrabimus,
1022 2481 1253 2549 Bucolicorum
1267 2493 1302 2550 st

207 2567 408 2659 reliquorum
444 2573 724 2666 Pythagoreorum
759 2603 849 2650 more
880 2585 941 2648 e'mt
970 2585 1128 2674 scriptum
1160 2597 1210 2651 est
1240 2607 1302 2675 pro

207 2669 291 2754 leel,
323 2695 419 2761 φιιιιι
445 2675 581 2743 formam
602 2677 703 2746 Doris
729 2681 873 2750 infucata
901 2709 976 2752 cum
996 2687 1132 2778 reliquis
1154 2687 1303 2754 dialectis

206 2793 412 2840 ¹communem
441 2777 548 2844 babet.
602 2779 709 2848 Multa
729 2795 834 2851 tamen
856 2799 889 2852 et
909 2811 928 2853 e
949 2789 1075 2880 vulgari
1096 2789 1208 2880 lingna
1229 2803 1302 2856 etc

206 2871 337 2940 mitiore
357 2874 484 2943 Doride
504 2880 644 2947 admixta
665 2896 763 2968 sunt,
807 2887 851 2952 ita
880 2901 917 2954 nt
947 2891 1103 2958 dialectns
1133 2893 1232 2982 longe
1254 2893 1303 2958 di·

208 2982 273 3038 stet
293 2997 360 3040 non
381 2976 496 3044 -solnm
526 2981 566 3046 ab
596 3007 653 3068 ea,
687 3009 750 3077 qua
771 2987 914 3058 ltaliotas
934 2993 1077 3060 Philolai
1099 3005 1200 3061 aetate
1223 3019 1302 3062 usos

207 3097 281 3141 esec
303 3087 427 3143 eertum
448 3090 521 3165 est,
550 3083 608 3148 sed
630 3088 726 3153 ctiam
748 3091 789 3156 ab
810 3117 867 3179 ee,
890 3119 986 3184 quam
1006 3095 1242 3187 philosophum
1260 3097 1302 3164 ad

202 3186 375 3265 poetarum
396 3183 581 3272 exemplum
602 3187 666 3254 sibi
687 3191 822 3260 finxisse
844 3197 932 3262 credi
954 3198 1068 3287 possit.
1124 3201 1237 3290 ltaque
1257 3223 1301 3265 ue

207 3276 286 3346 binc
316 3279 448 3370 quidem
475 3284 516 3351 ad
545 3285 723 3359 ltaliuticae
752 3293 885 3388 linguae
916 3299 1135 3388 cognitionem
1162 3301 1301 3368 multam

205 3379 407 3470 proicimus.
496 3423 499 3430 ·

293 3485 347 3566 17)
390 3487 649 3562 ilbodiorum
687 3499 861 3568 dialectum
898 3503 1095 3570 Timocreon
1134 3505 1169 3570 in
1208 3519 1301 3596 parte

207 3585 387 3655 caminum
409 3593 487 3658 satis
508 3610 655 3666 accurate
679 3604 879 3693 expressisse
908 3604 1054 3691 videtur,
1089 3607 1184 3694 cnjus
1213 3609 1301 3700 frag-

205 3697 313 3754 menta
328 3689 451 3760 Dorica
473 3696 508 3762 in
522 3699 716 3790 Appendice
738 3703 957 3774 emendatiora
977 3707 1215 3795 exhibebimus,
1238 3735 1301 3780 nec

205 3785 314 3854 minus
334 3815 509 3882 puerorum
533 3801 736 3872 Rhodiorum
760 3808 1060 3896 Cbelidouismum,
1084 3837 1150 3902 quo
1172 3825 1206 3879 et
1225 3813 1302 3904 ipso

206 3885 255 3952 uti
275 3889 363 3958 licet.
424 3895 576 3968 Cleobuli
596 3905 733 3998 epistole
754 3911 838 3998 apud
859 3913 960 4003 Diog.
983 3915 1094 3982 Leert.
1119 3915 1155 4000 1,
1176 3916 1219 3983 93
1242 3917 1301 3983 bo·

204 3987 286 4056 mini
306 3991 442 4066 debetur
461 4001 662 4074 Rhodiorum
684 4009 814 4080 dialecti
835 4038 903 4082 nou
926 4016 1058 4084 omuino
1077 4016 1204 4106 ignaro.

291 4093 345 4167 18>
389 4097 564 4177 Cretica
591 4108 729 4178 dialecto
758 4114 918 4205 Cypselus
951 4143 1032 4186 usus
1060 4142 1133 4188 esse
1161 4121 1301 4188 traditur

205 4191 286 4274 (vid.
308 4189 340 4286 §
365 4199 382 4266 l
405 4213 474 4269 not.
497 4206 553 4293 7),
585 4209 626 4278 de
647 4235 713 4303 qno
735 4216 819 4284 nibil
840 4232 1006 4312 praeterea
1026 4231 1163 4290 constat.
1220 4223 1301 4316 Epi-
