2834 4762
209 331 286 414 234
476 337 534 412 De
558 311 718 412 dialcetis
744 337 1012 414 Pseudacolieis.

208 560 280 631 tur,
311 555 347 610 ut
372 545 534 630 Ἡρακλῆς
553 541 653 611 Rosa.
682 521 732 610 ur.
756 544 795 636 7,
828 551 996 628 Δαμοκλῆς
1026 571 1075 613 nr.
1100 551 1184 618 1512
1204 564 1289 638 ete,

208 650 243 716 iu
283 647 426 738 obliquis
453 646 583 714 'casibus
609 671 706 736 voces
736 645 772 710 in
802 645 923 730 ᾗιιοιι
957 653 1209 740 contrahuntur,
1254 667 1291 722 ut

95 755 100 762 ’
210 750 421 834 Ξενοφάνεος,
449 749 618 830 Τιμοκλιός
636 747 718 814 1513
739 759 801 816 cto.

142 887 149 902 ι
294 851 459 936 Qu’autum
496 851 598 942 igitur
624 849 773 938 judicare
803 851 897 936 lieet,
939 851 1098 920 Arcadica
1130 855 1290 924 dialectos

209 956 274 1024 alia
293 953 432 1021 habebat
452 977 526 1020 curn
547 953 694 1018 Doribus
715 964 747 1018 et
767 953 928 1020 Aeolibus
949 956 1153 1041 communia,
1183 970 1220 1023 ut
1241 959 1290 1026 di·

210 1081 353 1148 gsmma,
383 1059 481 1146 cipro
502 1063 542 1142 ἦ,
573 1062 598 1120 oi
619 1079 678 1145 pro
700 1056 753 1138 ὀῑι,
782 1055 845 1122 alia
875 1057 1030 1124 severiori
1048 1055 1203 1126 Dorismo
1222 1063 1290 1128 lere
1384 1071 1387 1082 ¹

208 1160 357 1252 propria,
384 1160 522 1225 maxime
544 1181 691 1248 asperum
718 1179 776 1246 pro
799 1159 902 1248 sigma
923 1168 955 1224 et
975 1158 1232 1228 terminationem
1250 1163 1291 1248 ’,ἦ

207 1285 267 1352 pro
280 1259 347 1344 ῖς,
376 1261 439 1328 alia
458 1283 561 1349 paene
583 1259 775 1347 peculiaria,
799 1270 836 1324 ut
857 1263 895 1326 ἇῦ
916 1261 951 1324 iu
972 1261 1127 1350 genitivis
1148 1265 1288 1334 declina·

208 1363 314 1432 tionis·
329 1363 463 1453 primae.
513 1361 607 1428 Nihil
627 1361 805 1450 reperitur,
834 1363 921 1432 unde
941 1363 1060 1430 arctior
1080 1385 1151 1429 cum
1173 1361 1289 1434 Aeoli-

168 1524 175 1538 .
208 1467 258 1533 cis
280 1467 427 1534 dialectis
453 1463 605 1555 coguatio
631 1473 782 1554 appareat
809 1474 841 1530 ct
861 1464 1015 1532 Straboni
1036 1465 1181 1536 Arcades
1202 1474 1288 1538 Aeo·

206 1569 271 1638 liae
291 1571 444 1662 loquutus
465 1590 539 1633 esse
559 1565 728 1632 affirmanti
748 1565 857 1657 aliqua
878 1563 959 1632 tides
980 1568 1120 1634 accedat.

711 1857 720 1874 .
750 1809 804 1878 54.

374 1949 436 2002 lte
456 1947 611 2014 requms
633 1801 802 2000 unientis
826 1893 1119 2004 Pseudaeolthts.

292 2088 331 2164 1)
364 2084 417 2152 Dc
438 2085 642 2152 Achaeorum
669 2083 805 2150 dialecto
836 2085 920 2152 nihil
946 2087 1017 2151 l'cre
1044 2087 1124 2153 certi
1146 2111 1290 2179 comper-

208 2201 277 2255 tum
296 2187 465 2254 habemus.
522 2185 657 2252 Praeter
676 2209 795 2275 paucas
824 2188 1123 2278 grammaticorum,
1142 2177 1291 2259 ‘maxime

209 2290 389 2380 Hesychii,
413 2289 558 2379 glossas,
586 2287 673 2353 unde
694 2287 778 2356 nihil
800 2289 840 2354 de
861 2289 994 2382 liuguae
1014 2289 1125 2358 indole
1146 2307 1289 2384 apparet,

208 2393 307 2458 unica
327 2393 395 2458 l'erc
425 2389 597 2480 inscriptio
620 2389 660 2456 C.
683 2389 711 2456 l.
740 2415 792 2457 ur.
816 2391 899 2460 1542
921 2402 1088 2482 superest,
1118 2417 1200 2484 quae
1221 2421 1289 2462 nou

206 2506 274 2563 tota
299 2493 426 2583 vulgari
457 2493 570 2585 lingua
602 2493 725 2577 utitur,
765 2493 823 2560 scd
850 2495 1008 2561 nonnulla
1041 2495 1138 2584 plane
1169 2495 1289 2566 Dorica
1315 2527 1319 2532 ·

206 2597 359 2690 praebet,
381 2595 476 2680 εἶμεν,
499 2594 601 2680 δόμεν,
624 2597 807 2681 δαμιοργῶν.
851 2595 895 2661 Et
914 2595 1066 2664 Achaeos
1088 2600 1109 2662 ἄ
1130 2596 1287 2666 Doricum

206 2720 267 2791 pro
295 2699 421 2787 vulgari
451 2709 472 2777 ῆ
499 2698 654 2764 habuisse
682 2707 724 2764 et'
739 2696 947 2788 magistratus
971 2701 1144 2785 δαμιοργιῖν
1170 2725 1289 2770 nomen

207 2801 303 2866 etiam
324 2799 455 2864 aliunde
475 2809 587 2865 notum
610 2797 696 2878 (vid.
719 2797 851 2864 Boeehh
871 2799 913 2864 ad
935 2825 985 2868 nr.
1008 2803 1030 2868 4
1050 2813 1083 2868 et
1105 2801 1207 2893 1542)
1237 2803 1289 2870 iu-

208 2901 294 2966 dicat
324 2911 356 2966 ct
377 2899 487 2985 ἀρετᾶς
509 2902 544 2965 iu
575 2901 670 2967 titulo
690 2899 841 2966 Patrensi
863 2901 955 2968 1544.
1001 2903 1118 2990 Unde,
1147 2909 1289 2998 quaein

206 3027 259 3069 nr.
284 3003 367 3070 1542
386 3000 494 3067 Attica
515 3002 721 3091 reperiuntur
743 3001 866 3086 εἰρήνης
887 3009 940 3069 καὶ
961 3005 1040 3071 κατὰ
1060 3011 1117 3092 γῆν
1136 3013 1191 3073 rol
1210 3007 1290 3074 sosoi

205 3105 363 3171 θάλατταν
380 3113 457 3188 eto,
479 3102 520 3168 ab
543 3104 675 3194 antiqua
689 3102 894 3171 Achaeorum
913 3105 1051 3177 dialecto
1073 3109 1178 3176 aliena
1200 3135 1288 3190 esse,

206 3205 406 3274 confidenter
426 3205 621 3272 contendere
641 3205 730 3274 licet.
778 3207 920 3274 Achaeis
940 3211 1071 3300 proprie
1090 3223 1140 3278 cst
1160 3237 1288 3306 eorrep-

206 3309 254 3376 rio
275 3309 311 3374 in
334 3305 516 3395 δαμιοργός,
549 3307 589 3374 dc
611 3333 673 3399 qua
694 3319 820 3377 constat
839 3333 859 3378 e
880 3335 931 3378 nr.
955 3313 1049 3380 1542.
1073 3315 1166 3382 1543.
1191 3317 1287 3404 1567,

207 3413 287 3479 dum
318 3409 491 3499 scriptores
516 3411 637 3479 Dorica
670 3413 772 3479 i'orrua
800 3415 981 3500 dopsoopyol
1012 3423 1069 3480 aut
1107 3417 1288 3506 δημιουργοῖ

205 3525 353 3580 utuntur.
399 3511 550 3581 Ceterum
567 3515 718 3584 Achaeos
738 3515 858 3584 Dorice
878 3515 1032 3608 loquutus
1053 3541 1147 3602 csse,
1170 3519 1285 3586 contir-

206 3625 273 3682 mat
292 3613 462 3683 Strabonis
482 3617 702 3685 testimonium
725 3613 770 3707 (ἓ.
793 3619 811 3685 1
834 3628 901 3685 not.
926 3621 984 3705 1),
1005 3629 1112 3685 utrum
1133 3620 1287 3686 Doricam

205 3717 379 3808 linguam,
423 3719 642 3786 invalescente
681 3717 890 3787 Doriensium
930 3743 988 3812 per
1024 3722 1288 3812 Peloponnesum

206 3820 393 3886 auctoritate
426 3823 592 3910 paullatim
627 3821 869 3910 adoptaverint,
908 3843 990 3912 quae
1024 3833 1075 3889 est
1116 3822 1291 3914 Strabonis

206 3919 340 4011 opinio,
361 3945 402 3986 an
423 3921 602 4012 antiquitus
623 3923 760 3990 dialecto
786 3921 884 3990 simili
905 3920 958 3991 usi
981 3925 1060 4010 siut,
1081 3946 1148 3992 uon
1168 3927 1286 4017 liquet.

290 4019 331 4109 2)
365 4023 545 4115 Aliquanto
576 4025 694 4092 melius
724 4035 850 4092 coustat
876 4025 916 4092 dc
945 4027 1060 4119 lingua
1090 4027 1288 4114 Locrorum,

206 4123 447 4208 Phuensium,
468 4123 679 4211 Aetolorum,
700 4127 918 4214 Acarnanum,
940 4153 1079 4219 quorum
1100 4129 1287 4222 inscriptio·

87 4281 93 4294 .
206 4229 266 4294 ires
285 4225 372 4294 haud
392 4249 512 4317 paucas
533 4225 709 4316 hahemus,
737 4229 880 4299 nondum
901 4231 1030 4324 vulgari
1058 4232 1174 4325 lingua
1194 4257 1283 4302 usas.
