2866 4766
230 381 307 462 308
609 377 665 450 De
685 371 947 473 conjugatione.

233 583 332 650 rictas
353 575 555 668 conspicitur
576 579 611 644 iu
632 575 793 642 vocalium
815 598 877 639 r-o
900 585 934 637 ct
956 597 1023 635 ε-οι
1045 591 1219 638 concursu.
1267 571 1329 638 Ni·

232 685 281 751 lril
303 691 443 749 mutatur
465 679 551 770 apud
572 677 770 770 plerosque,
801 676 859 765 qui
889 673 1018 740 mitiore
1040 673 1166 741 Doride
1189 685 1331 742 utuntur

233 783 367 873 (futuris
398 795 505 848 tamen
528 781 706 868 exceptis),
736 801 797 844 uec
820 779 959 846 fortasse
985 776 1022 842 in
1043 777 1176 866 antiqua
1198 775 1331 844 Doride

233 886 416 968 severiore,
448 883 517 948 rid.
547 883 580 966 ἓ.
605 879 666 964 26,
689 881 721 948 6.
778 881 890 964 Quum
922 879 1099 956 contractio
1130 879 1330 962 admittitur,

233 1013 275 1056 ex
297 1012 329 1055 εο
351 987 386 1054 iu
410 983 572 1052 severiore
594 981 721 1050 Doride
751 994 807 1068 put
835 1009 865 1048 ιο
895 983 931 1048 lit
956 992 1012 1046 aut
1039 1007 1077 1046 ιω
1106 993 1162 1048 aut
1184 1009 1209 1046 ω
1232 994 1290 1047 aut
1313 1011 1330 1048 ο

234 1089 316 1160 (vid.
340 1089 373 1173 ἓ.
395 1089 460 1172 26,
484 1087 515 1152 1.
538 1083 598 1171 2),
621 1084 656 1148 in
680 1083 810 1150 mitiore
831 1083 956 1150 Doride
978 1099 1032 1148 aut
1054 1109 1091 1148 ου
1112 1096 1168 1149 aut
1189 1109 1242 1156 ευ,
1266 1087 1331 1150 lroc

232 1195 370 1259 tortasse
390 1189 486 1255 etiam
509 1187 596 1277 apud
618 1185 824 1274 Cyrenaeus,
848 1185 913 1252 rid.
937 1185 969 1268 ᾗ.
985 1187 1040 1268 26,
1063 1187 1093 1252 3.
1107 1186 1139 1251 5.
1184 1186 1332 1254 Voeales

235 1319 276 1359 ιοι
297 1295 331 1360 in
356 1318 380 1356 n
403 1291 609 1365 coalescunt,
641 1301 865 1378 praeterquam
889 1287 976 1378 apud
996 1311 1072 1370 eos,
1104 1289 1163 1377 qui
1185 1313 1218 1355 en
1240 1289 1274 1354 in
1299 1315 1331 1355 ιο

235 1405 291 1462 aut
313 1404 350 1458 ιώ
372 1402 516 1476 mutant3
550 1391 586 1456 ti
613 1389 702 1455 enim
728 1413 769 1455 cx
791 1415 831 1454 ιω
853 1391 978 1455 faciunt
998 1415 1048 1454 ιω.
1095 1389 1248 1456 Ceterum
1279 1392 1331 1456 fn·

206 1542 210 1554 ‹
235 1497 300 1564 turi
322 1493 572 1564 contractionem
603 1513 669 1556 uun
701 1491 789 1580 passi
820 1503 944 1557 tantum
966 1491 1002 1556 in
1021 1491 1144 1582 Amph.
1169 1493 1252 1562 1688
1273 1519 1332 1560 ex·

236 1599 341 1690 empla
363 1595 520 1690 quaedam
543 1593 764 1683 reperiuntur.

321 1697 569 1786 Monosyllalrae
600 1696 726 1786 stirpes,
749 1694 927 1761 secundnm
949 1691 1078 1758 Atticae
1101 1694 1229 1760 dialecti
1250 1719 1332 1762 uor-

236 1825 321 1868 mam
349 1797 602 1866 contractionem
631 1809 687 1862 aut
714 1795 882 1888 patiuntur
902 1807 958 1860 aut
979 1796 1164 1888 repudiant.
1205 1796 1252 1862 lta
1273 1799 1334 1878 ρἐ

238 1931 331 1980 οντα,
356 1903 482 1984 ῥέουσα,
506 1902 634 1964 δέωνται
655 1899 689 1966 in
712 1899 869 1981 Hercul,
891 1897 1022 1972 νεούσας
1044 1898 1162 1986 Epielr.
1185 1897 1237 1964 63.
1281 1899 1333 1966 Et

237 2030 256 2071 e
278 2002 439 2068 contrario
462 2003 510 2066 dri
526 2001 683 2081 Heracl,
710 2004 772 2065 οεῖν
793 2001 911 2090 Epich.
934 1999 997 2081 26,
1029 2002 1205 2085 ἐποχεῖσθαι
1223 2000 1329 2068 Tlrer.

235 2102 340 2185 2448,
363 2101 549 2168 Laconicus
571 2102 782 2190 imperativus
805 2101 906 2179 κάκκη
929 2125 947 2168 a
972 2105 1113 2166 κατακὲω
1135 2103 1201 2169 vid.
1225 2107 1258 2188 §-
1272 2105 1330 2189 25,

237 2205 269 2270 1.
292 2227 331 2286 a,
360 2201 437 2267 item
462 2205 521 2279 οῆ,
547 2206 633 2286 τρέχε
655 2202 698 2284 (si
721 2201 854 2291 quidem
876 2215 963 2273 recte
984 2203 1029 2268 ita
1052 2205 1246 2295 scripsimus
1269 2231 1332 2296 pao

237 2305 349 2390 τρέχει)
369 2302 437 2370 vid.
461 2302 492 2386 fi.
510 2303 545 2386 7,
567 2303 608 2386 2,
633 2301 726 2381 iulus
746 2315 780 2370 cl
797 2304 913 2386 idcina,
937 2329 1021 2396 quac
1042 2305 1237 2376 Heraclides
1258 2305 1333 2376 Do-

236 2405 304 2472 rica
334 2427 407 2471 esse
438 2403 536 2469 tradit
563 2428 624 2495 pro
655 2402 737 2470 ἔπλει
762 2419 795 2472 et
822 2406 905 2490 ἔρριι
938 2407 1019 2488 (vid.
1049 2407 1081 2491 ἓ.
1111 2409 1154 2476 25
1186 2423 1256 2476 not.
1281 2409 1330 2496 1).

122 2539 128 2551 ·
237 2507 332 2574 Adeo
353 2505 558 2594 conjunctivi
579 2507 758 2574 contractio
784 2507 820 2573 in
849 2511 906 2598 δῇ,
937 2509 1029 2600 quod
1056 2512 1265 2600 agnoscimus
1294 2514 1333 2577 in

236 2607 348 2684 καθώς
377 2635 418 2674 ιια
447 2610 487 2686 di*
508 2607 645 2698 Corcyr-
670 2609 771 2688 1845,
796 2609 858 2678 138
887 2633 949 2676 uec
980 2635 1053 2678 enm
1081 2611 1249 2680 Boeclrlaio
1276 2617 1333 2704 δίῃ

238 2710 404 2799 corrigere
433 2712 609 2794 volumus,
643 2721 676 2776 et
698 2711 799 2787 δῆσθε
822 2709 940 2801 Sophr.
965 2714 984 2780 1
1006 2714 1137 2780 Atticae
1159 2729 1334 2784 consuetu·

238 2811 310 2876 dini
332 2833 399 2877 unu
421 2813 627 2892 adversetur,
650 2809 718 2878 rid.
742 2811 846 2878 Diud.
870 2813 911 2877 ad
931 2814 1037 2880 Arist.
1061 2815 1146 2882 llaa.
1169 2817 1253 2904 aot,
1277 2821 1332 2908 δὲῃ

237 2923 346 2982 nmen
368 2914 525 3001 scriptum
547 2924 598 2980 est
616 2913 768 3002 Thucyd.
791 2913 837 2995 V,
859 2915 914 2982 79.
965 2915 1036 2982 Neo
1057 2917 1161 3005 magis
1184 2918 1336 3003 ἀιδούμι-

238 3039 294 3086 οος
317 3011 437 3102 Sophr.
451 3014 493 3079 97
515 3013 555 3077 ab
570 3013 682 3079 Attico
695 3037 758 3078 usn
773 3013 915 3082 alienum
937 3016 1004 3084 vid.
1017 3017 1142 3086 Buttm.
1166 3021 1183 3086 l
1205 3046 1241 3112 p.
1253 3023 1333 3090 181.

238 3113 386 3202 Antiqua
414 3113 534 3178 solutio
563 3114 603 3180 ab
624 3114 748 3182 Atticis
777 3116 882 3184 aliena
912 3120 1117 3210 conspicitur
1146 3121 1181 3188 iu
1202 3125 1335 3190 ιεἰοθιιι

241 3212 328 3282 Cret
353 3212 437 3280 2555
459 3225 492 3280 et
513 3214 612 3302 ἐπίχε·
635 3217 722 3306 apud
742 3217 896 3286 Blaesum
918 3223 1042 3288 Athen.
1064 3221 1137 3306 xl,
1159 3221 1223 3292 ⁴87
1246 3225 1288 3292 C.

321 3313 445 3382 Mirum
466 3327 537 3401 est,
561 3319 650 3409 quod
671 3319 864 3386 Heraclides
886 3321 966 3403 (vid.
991 3327 1024 3407 §.
1045 3326 1108 3411 25,
1133 3325 1170 3412 1)
1199 3327 1241 3396 dc
1261 3328 1333 3396 Do-

239 3415 317 3482 riois
335 3411 433 3496 ἰ”πληι
455 3427 488 3484 et
510 3417 605 3503 ἕρᾏην
624 3432 700 3511 post
729 3423 984 3495 contractionem
1005 3451 1023 3491 ιι
1044 3427 1150 3510 ipsis.
1174 3431 1335 3498 serranti-

239 3517 302 3584 bus
321 3518 438 3605 tradit,
461 3543 568 3611 neque
588 3533 696 3590 tamen
716 3523 927 3612 incredibile,
951 3551 1053 3618 quum
1073 3530 1137 3598 lroc
1159 3557 1176 3594 ι
1197 3555 1216 3598 e
1237 3559 1255 3596 ι
1274 3557 1335 3600 na·

239 3628 308 3683 tum
338 3619 399 3704 sit,
434 3623 522 3712 quod
550 3623 663 3692 tertiae
693 3625 852 3717 singulari
873 3630 1039 3718 praeteriti
1059 3631 1100 3696 alt
1123 3631 1254 3722 origine
1274 3634 1336 3700 ad·

240 3718 362 3784 lauret.
385 3761 426 3774 -
459 3723 511 3790 De
535 3725 667 3793 ultimae
687 3727 910 3817 correptione,
934 3755 998 3823 qua
1019 3755 1096 3821 pars
1115 3733 1335 3804 Dorieusium

240 3822 415 3888 secundam
435 3825 637 3912 singularam
657 3839 754 3919 atque
775 3829 973 3900 infinitivum
993 3834 1157 3918 alliciunt,
1181 3847 1216 3902 ut
1232 3839 1335 3916 ποιές,

238 3921 343 3999 noui,
368 3921 569 4010 dnoypoaps'v,
591 3928 667 3995 vide
685 3929 717 4012 ἕ.
740 3931 801 4016 21,
823 3933 855 3998 5.
881 3935 913 4001 7.
936 3975 978 3988 -
1022 3934 1197 4026 optativus
1218 3939 1337 4028 vulga·

239 4043 309 4088 rem
329 4023 488 4090 rationem
510 4029 658 4117 sequitur
680 4029 714 4094 in
737 4031 931 4118 ι’φιοριιεόιμι
951 4035 1075 4126 Amph.
1100 4037 1206 4120 1688,
1242 4041 1337 4108 Atti·

240 4147 333 4208 um,
356 4149 451 4214 quarn
474 4127 607 4210 dicunt,
629 4131 665 4195 iu
687 4131 809 4213 ἀδικοίη
833 4135 922 4206 Cret.
944 4139 1030 4208 2556
1051 4151 1083 4204 et
1105 4143 1214 4220 δοκοίη
1238 4141 1337 4212 Tan·

238 4226 313 4315 cpd.
335 4227 379 4312 V,
401 4229 455 4296 79.
502 4229 656 4299 Ceterum
678 4233 781 4302 lutari
802 4239 966 4328 optativus
985 4263 1052 4308 nou
1073 4239 1249 4332 reperitur.
