2866 4766
250 351 283 445 §.
305 351 364 428 36.
393 353 450 428 De
472 351 739 456 conjugationis
758 350 898 430 ratione
918 354 1120 430 communi.
1155 355 1233 434 200

137 559 273 628 ltenut.
290 557 338 638 tl,
354 558 462 628 2028
483 558 707 642 ἕδοταξτίμτθα,
731 559 1006 646 κατεδασσάμεθα,
1031 583 1129 653 steps
1144 589 1233 630 ποτε·

138 660 349 744 montanea,
384 673 418 730 et
439 661 530 728 Cret.
554 661 638 728 3058
659 661 868 747 χαριζώμεθα
890 675 973 748 ete,
1005 665 1126 734 deinde
1149 667 1237 756 epod

136 763 371 854 Epiehsmum
393 766 435 831 ir.
458 762 521 830 107
541 761 737 845 θωσοὺμτθα
758 775 791 828 et
812 766 992 832 seeundum
1014 768 1107 833 Anu.
1130 768 1234 834 Behh.

136 867 247 949 00,3
277 866 456 948 δτούμτθα,
500 864 587 954 epod
614 864 818 956 Sophronem
850 867 892 932 ir.
915 869 959 934 34
988 867 1233 953 ἆτραττζόμεθα,

135 969 182 1035 42
200 967 351 1048 θᾶμτθα,
375 969 522 1036 Acheru.
539 967 604 1036 722
626 965 840 1050 ἀπολοίμεθα,
864 969 988 1057 ubique
1008 972 1095 1061 opud
1117 971 1236 1040 Arrhi-

136 1070 278 1138 rnedem.
323 1072 405 1136 ltem
427 1071 462 1136 in
485 1069 667 1158 Lysistrrts
690 1083 768 1138 suut
790 1069 1001 1153 ἀμβαλώμεθα
1024 1075 1127 1160 1006,
1156 1101 1236 1140 παυ-

140 1174 278 1254 σαίμεθα
300 1173 402 1257 1272,
424 1171 590 1261 pleniores
613 1173 736 1239 iormre
756 1171 986 1254 ποιησώμεσθα
1010 1175 1146 1244 theoct
1168 1177 1237 1244 dud-

139 1284 244 1354 μεσθα
267 1275 350 1340 1104
373 1280 507 1363 potitur,
530 1296 597 1339 non
618 1273 737 1342 Doridi
758 1274 951 1342 tribuendae
971 1277 1135 1344 videntur.

224 1377 260 1458 7)
302 1376 451 1444 Tertio
486 1377 673 1466 pluralis
704 1375 890 1466 optativi
925 1377 959 1442 in
994 1378 1236 1465 subjective

139 1479 282 1558 Dorice,
315 1479 428 1546 louiee
458 1491 491 1545 et
510 1478 648 1546 Aeolios
675 1477 710 1542 in
735 1503 790 1542 ατο
813 1479 904 1546 exite
927 1479 1065 1546 truditur
1084 1481 1120 1548 in
1142 1483 1234 1546 Anu.

141 1581 230 1648 011.
263 1582 400 1668 1,1ss‚
425 1583 487 1664 32,
519 1591 556 1648 ut
583 1577 704 1662 πίῴατο
726 1577 794 1664 (1),
827 1603 969 1670 quorum
999 1591 1238 1672 componuntur

138 1687 315 1768 πυθοίατο,
337 1687 539 1770 κεχαροίατο,
563 1685 725 1768 μαχοίατο.
769 1681 869 1748 Nune
889 1683 926 1748 iu
947 1683 1143 1750 eertiorihrrs
1163 1685 1236 1751 iou·

137 1787 228 1852 ritus
251 1789 330 1854 haee
351 1788 456 1852 formu
478 1809 544 1852 uon
567 1785 707 1874 legitur,
731 1783 876 1875 vulgaris
897 1787 1119 1871 παραγένοιντο
1137 1785 1233 1854 Core.

140 1888 242 1966 1845,
265 1887 297 1954 7.
342 1887 459 1980 Neque
482 1899 589 1955 temen
614 1887 847 1976 grammatico,
869 1887 926 1976 qui
950 1887 984 1952 iu
1005 1887 1164 1977 proximis
1186 1887 1236 1954 in·

140 1989 270 2080 signem
293 1989 471 2056 doctrinam
500 1989 631 2080 prodit,
665 2013 793 2056 omnem
820 1989 918 2056 iidem
948 1989 1109 2078 denegare
1138 1991 1236 2058 sude·

139 2113 236 2174 mus,
258 2092 334 2182 quis
356 2093 501 2182 vulgaris
523 2091 730 2173 terminatio,
758 2117 854 2190 quum
878 2091 1053 2158 Homerios
1077 2091 1237 2160 dialectos

139 2195 313 2277 abhorret,
353 2195 516 2261 recentior
542 2193 785 2277 assentetur,
818 2195 887 2262 vid.
911 2193 1043 2262 dissert.
1067 2205 1172 2262 nostr.
1195 2195 1236 2262 de

139 2297 230 2384 conj.
254 2295 288 2360 in
310 2323 345 2377 μι
366 2321 400 2386 p.
424 2298 476 2364 12.
502 2298 554 2364 13.

227 2397 266 2484 8)
311 2401 548 2486 Augmento
581 2396 753 2489 temporali
785 2424 806 2462 α
836 2399 872 2464 in
907 2401 927 2463 ἆ
958 2399 1168 2488 producitur,
1202 2410 1240 2468 ut

142 2497 236 2587 οἷμον,
260 2489 404 2586 innecto,
425 2499 575 2566 Arrhim.
599 2502 641 2568 de
662 2500 773 2566 Helie.
795 2523 829 2587 p.
851 2499 915 2564 217
936 2498 1136 2582 penditote,
1157 2525 1239 2582 προ-

142 2603 269 2688 άγομεν,
294 2627 327 2693 p.
350 2603 415 2670 230
437 2603 573 2688 ἄρξατο,
597 2601 638 2668 de
660 2599 800 2668 Couoid.
825 2623 858 2688 p.
873 2599 937 2668 257
959 2600 1126 2682 ἀπόρηοα,
1148 2603 1238 2692 quod

142 2729 185 2771 ex
205 2705 359 2772 omnihus
380 2705 450 2770 fere
472 2703 567 2770 libris
590 2727 649 2794 pro
671 2702 820 2785 ἠπόρησα
834 2701 1071 2770 restituendum
1087 2715 1138 2770 est
1158 2715 1236 2790 ete„

142 2807 209 2874 vid.
240 2807 272 2890 ἓ.
297 2807 357 2884 10,
379 2809 421 2892 2,
464 2805 687 2896 diphthongus
718 2831 752 2868 ατ
781 2816 889 2870 σίτοιο
918 2805 955 2870 1ο
984 2831 1005 2886 ᾳ
1033 2817 1174 2874 mutetur
1201 2819 1238 2876 nt

142 2910 267 2992 ᾀτοθη,
299 2933 340 2974 το
371 2907 550 2974 retineatur
573 2920 618 3017 ⁸ut
640 2909 774 2985 αιόίθη,
806 2905 948 2972 duhitrri
975 2918 1094 2996 potest.
1148 2909 1237 2976 lilud

140 3013 249 3102 primo
270 3011 384 3078 ohtutu
406 3009 657 3078 conuenientius
687 3010 827 3076 videtur.
883 3011 930 3074 At
961 3011 991 3074 si
1020 3014 1234 3102 reputaveris,

141 3113 364 3204 diphthongos
385 3138 413 3178 τι
433 3123 465 3180 et
487 3137 518 3180 οι
541 3111 627 3204 apud
649 3111 830 3178 Dorienses
851 3121 1027 3202 augmento
1048 3137 1115 3182 non
1137 3115 1234 3200 athei,

141 3215 307 3306 proprium
329 3215 568 3304 diphthongum
591 3241 624 3278 οι
653 3214 842 3280 servendum
867 3214 1053 3300 judicabis,
1081 3217 1120 3282 id
1147 3218 1235 3306 quod

145 3320 265 3384 fretum
288 3330 338 3384 est
360 3319 395 3384 in
417 3317 512 3384 libris
535 3315 670 3392 Pindari
693 3317 759 3380 vid.
784 3316 816 3399 ἕ.
841 3318 905 3394 10,
928 3317 950 3382 2
970 3327 1002 3380 et
1022 3315 1235 3388 Archimedis

143 3419 211 3488 vid.
244 3421 276 3504 ᾗ.
301 3420 362 3503 35,
384 3422 417 3486 2.
472 3419 524 3485 De
557 3420 760 3510 diphthongo
790 3443 816 3484 rs
845 3431 970 3486 servate
999 3417 1075 3484 vide
1105 3419 1161 3486 Et.
1184 3419 1233 3486 Μ.

144 3523 231 3600 419,
254 3523 315 3605 44,
353 3523 450 3608 eujus
471 3521 694 3588 testimonium
715 3521 882 3588 attulimus
904 3523 937 3604 ξ.
960 3521 1003 3588 25
1030 3531 1099 3586 not.
1123 3521 1163 3606 3,
1193 3521 1236 3590 de

144 3649 178 3690 οι
209 3647 306 3714 supra
333 3623 367 3708 δ.
390 3625 452 3705 35,
474 3626 496 3690 2
517 3625 665 3714 exemplo
696 3626 825 3704 οίτηματ
846 3631 879 3688 rt
900 3621 1118 3704 οἰτοὸόμηματ.
1173 3621 1234 3690 Di·

144 3727 335 3816 phthongus
358 3753 397 3790 ασ
416 3727 528 3792 itidem
551 3751 616 3793 uon
638 3735 791 3803 mutetur,
814 3735 849 3790 ut
872 3723 987 3801 αὔξησε
1010 3725 1077 3790 vid.
1090 3731 1122 3809 ᾗ.
1141 3727 1194 3809 10,
1213 3727 1235 3792 2

143 3851 253 3916 neque
275 3853 308 3892 το
330 3839 361 3894 et
383 3855 419 3894 ου
441 3829 606 3916 segmenti
628 3827 823 3894 amentiores
846 3825 969 3892 fuerint
988 3851 1085 3916 quem
1109 3828 1143 3892 iu
1164 3827 1234 3894 vnt-

144 3929 216 4020 gsri
238 3929 364 4021 lingue.
396 3969 436 3980 -
480 3929 611 3997 initiale
639 3931 773 3996 setium
795 3951 906 3996 eorum
929 3928 1120 4012 verborum,
1152 3953 1234 4018 quse

144 4033 246 4122 vulgo
278 4057 305 4096 τι
337 4043 528 4112 assumunt,
566 4031 601 4098 in
633 4033 796 4098 severiore
816 4029 942 4097 Doride
970 4031 1005 4096 in
1034 4031 1162 4114 uehit,
1197 4041 1234 4096 ut

146 4127 240 4219 ἦχον,
273 4133 401 4200 mitiore
423 4133 548 4202 Doride
580 4135 745 4224 erigerem
773 4133 931 4202 rationem
960 4143 1129 4215 servante,
1163 4131 1230 4198 vid.

142 4235 260 4318 §.25‚
283 4236 314 4300 1.
338 4259 367 4302 e.
