2862 4770
220 343 295 422 194
624 341 681 415 De
706 334 904 414 vocalibus.

222 551 263 620 llll
285 547 354 630 (24)
387 559 419 611 et
447 536 503 628 ἦρι
532 544 650 634 Epielr.
674 544 735 621 28,
769 541 988 628 Καρνήῦας
1020 499 1044 606 i.
1068 562 1098 605 e.
1128 539 1317 623 Καρνεάδης

224 653 343 740 (lyron.
371 650 404 714 2.

192 853 195 860 .
307 828 342 868 ει
364 803 398 867 iu
421 797 639 866 declinatione
663 798 758 864 tertia
780 797 820 864 ala
835 795 1077 886 antiquioribus
1093 795 1315 862 Doriensilaua

222 933 287 975 non
309 905 461 973 videntur
482 925 555 967 esse
579 912 759 982 eontracta,
783 899 849 964 vid.
874 899 905 982 ξ.
930 897 993 983 303
1025 899 1060 963 in
1083 899 1316 990 conjugatione

223 1035 272 1094 ιι,
303 1033 366 1086 εει,
401 1031 452 1084 οη,
479 1027 511 1093 aa
535 1003 658 1093 ubique
681 1002 868 1074 eoaleaeuat
888 1001 984 1066 etiam
1007 1001 1041 1066 ia
1065 1000 1223 1090 stirpilans
1245 1023 1316 1064 mo·

222 1107 422 1200 aoayllabia,
445 1105 512 1173 vid.
530 1109 560 1190 ξ.
578 1105 637 1183 38,
660 1089 896 1195 praeterquam'
908 1104 942 1168 in
964 1106 1094 1180 νέεσθαι,
1112 1101 1202 1168 Cret.
1215 1101 1314 1168 2555.

308 1289 367 1340 aa,
399 1287 475 1341 εοι,
507 1286 591 1338 aaa,
622 1285 669 1324 ao
691 1261 747 1326 ulai
769 1261 1001 1328 contrahantur
1021 1259 1074 1324 vel
1093 1281 1162 1326 uon
1184 1267 1318 1324 eanm-

223 1371 357 1443 laentar,
391 1363 573 1430 ridebimur
593 1362 626 1446 ξ.
650 1361 705 1429 26.
756 1361 852 1428 Νοοο
875 1361 1033 1464 monitum
1055 1360 1226 1444 volumus,
1259 1359 1316 1424 atl-

219 1471 343 1557 jeetira
366 1468 473 1541 iaaac
496 1465 645 1535 exeuntia
667 1475 704 1528 ut
718 1462 849 1548 χρύσεος
871 1487 1037 1551 uunquam
1061 1463 1316 1529 contractionem

204 1571 311 1663 -ριιῑ,
335 1571 378 1635 er.
400 1569 433 1651 §-
458 1569 510 1650 17,
532 1569 564 1634 ν.

310 1751 367 1804 ιν,
402 1747 435 1787 ιο
467 1723 500 1788 in
530 1723 749 1790 declinatione
783 1721 877 1787 tertia
906 1743 1072 1809 nunqnam
1102 1719 1317 1804 coalescunts,

224 1831 291 1915 τρῖς
318 1825 371 1892 vel
399 1827 480 1908 τρεῖς
510 1849 569 1914 pro
589 1829 671 1910 τρίες
692 1837 725 1892 et
745 1829 833 1909 τριάς
855 1848 872 1888 e
895 1822 1057 1888 contrario
1078 1835 1240 1908 n'ttnqttttn
1264 1820 1319 1884 tli-

225 1928 352 1998 aereaiu
375 1927 525 1994 admittit.

309 2109 373 2154 οα,
398 2096 467 2156 aas
487 2104 549 2154 oo,
581 2103 631 2141 οω
654 2075 688 2140 in
712 2073 930 2142 declinatione
952 2077 1045 2144 tertia
1067 2085 1215 2168 (excepta
1236 2099 1315 2143 aare

225 2185 314 2266 βοῦς)
344 2193 376 2246 et
405 2181 440 2244 iu
473 2177 705 2268 conjugatione
726 2178 897 2244 verborum
918 2178 951 2242 in
976 2203 1018 2244 οω
1041 2203 1170 2268 semper
1190 2191 1316 2245 eontra·

225 2285 356 2350 huntur.
410 2279 550 2348 Nomina
584 2279 621 2344 in
650 2305 704 2354 οος
733 2281 883 2346 exeuntia
913 2281 946 2346 in
978 2281 1161 2370 antiquiore
1191 2280 1316 2348 Doride

226 2411 321 2478 saepe
343 2409 409 2451 non
432 2385 686 2464 contrahuntur,
711 2394 747 2446 ut
767 2381 862 2457 πλόος
883 2381 1003 2473 Soplrr.
1027 2384 1069 2468 6,
1099 2383 1172 2459 νόος
1194 2382 1314 2474 Epicu.

227 2490 307 2565 133,
340 2487 416 2574 χόον
446 2487 582 2575 Coreyr.
613 2485 716 2568 1838,
758 2483 870 2560 εῦνῦως
904 2497 936 2550 et
968 2487 1069 2552 εῦνοοι
1098 2485 1187 2551 Cret.
1218 2485 1313 2552 31148.

226 2591 329 2675 3052,
354 2587 479 2665 οἱπλῦως
504 2589 592 2654 Cret.
615 2587 711 2656 2554.
734 2587 839 2665 2555,
872 2587 1090 2654 δυωῦενάπλοιι
1111 2589 1218 2654 Bruta
1244 2587 1316 2666 (eetl

228 2695 352 2758 διπλοῦν
382 2693 484 2759 Ther.
517 2691 613 2758 2448.
648 2689 732 2766 Vll,
761 2691 823 2774 28,
870 2689 1058 2755 adverbium
1091 2693 1183 2768 διπλῆ
1216 2691 1313 2756 Coro.

228 2795 329 2872 1845,
363 2795 463 2858 διπλοῖ
483 2793 614 2858 Herael.
639 2793 676 2874 1,
699 2793 759 2870 61,
795 2797 907 2867 ἑξαπλα
931 2790 975 2879 (l)
1000 2792 1089 2859 Cret.
1113 2793 1216 2870 2554,
1239 2793 1316 2876 115),

228 2894 360 2976 ἐπιπλόῳ
389 2895 507 2983 Epielr.
530 2894 563 2959 8.
619 2893 693 2958 Non
717 2891 824 2956 minus
845 2893 976 2960 nomina
998 2895 1032 2960 iu
1057 2917 1119 2970 οεις
1139 2897 1225 2986 aprrd
1247 2896 1316 2961 Do·

227 2998 354 3064 riennes
385 2995 586 3084 antiquiores
618 2995 671 3062 nel
699 2993 852 3084 antiquae
881 2996 1015 3062 rationis
1038 3009 1167 3064 tenaces
1189 3011 1317 3064 eontra·

227 3098 367 3164 ellonem
389 3096 640 3173 aversabantur,
675 3108 710 3160 nt
732 3095 819 3162 Cret.
845 3099 1038 3183 2554,·135
1069 3098 1315 3182 Ἀρνευθόιιοα,

227 3201 250 3266 l.
276 3199 337 3266 139
367 3197 554 3284 Σπινόεντᾳ,
589 3197 612 3261 1.
639 3199 697 3262 141
735 3202 956 3286 Haunianae,
990 3201 1024 3265 in
1058 3201 1203 3292 antiquie
1232 3199 1317 3268 Seli·

227 3300 339 3367 n'nntia
370 3299 511 3366 nummis
539 3297 667 3364 Miona.
701 3299 818 3366 θῦνον.
856 3303 872 3367 1
903 3325 936 3391 p.
960 3303 1022 3371 285
1056 3310 1197 3379 Σελινοις
1229 3305 1252 3369 i.
1283 3325 1314 3368 e.

226 3403 382 3478 Σελινόιις
411 3401 461 3482 (iu
483 3401 558 3467 aliie
582 3407 709 3478 Σελινος
738 3415 770 3469 et
790 3411 982 3470 Σολινοντιον
1008 3406 1031 3470 i.
1056 3429 1086 3470 e.
1109 3411 1257 3481 Σελινοῦς
1284 3415 1317 3472 et

227 3507 474 3587 Σελινουντίων),
498 3504 562 3570 alia
585 3505 816 3574 contractionis
838 3507 986 3596 exempla
1007 3507 1083 3574 vide
1102 3507 1134 3591 ἓ.
1158 3507 1211 3587 25,
1229 3509 1260 3572 4.
1278 3507 1312 3572 d.

287 3679 288 3684 ’
311 3685 384 3750 Ηοο
404 3684 479 3752 loeo
500 3682 596 3750 etiam
617 3683 751 3773 antiqua
772 3685 874 3750 torma
906 3682 1072 3750 Ἀθαναλο
1092 3683 1315 3776 μοἈθῦνο,

226 3784 354 3864 Ἀθήνη
384 3785 662 3852 commemoranda
693 3797 760 3862 eat,
794 3809 876 3874 quae
906 3786 1029 3876 legitur
1056 3787 1091 3854 in
1119 3787 1255 3878 antiquo
1276 3787 1316 3852 ti·

227 3887 298 3954 tulo
332 3887 496 3954 Laeonieo
527 3912 576 3954 ur.
599 3889 639 3954 71
673 3887 797 3971 Loth,
837 3887 925 3954 Cret.
957 3889 1054 3960 2554.
1085 3889 1182 3959 2555.
1218 3863 1315 3966 25511,

229 3987 386 4054 Ἀσανολα
418 3987 452 4052 in
475 3989 676 4078 fragmento,
708 3989 796 4078 quod
816 3991 969 4060 Montani
990 3991 1214 4074 restituimur,
1246 3989 1315 4060 vit.

228 4089 260 4174 fi.
284 4092 305 4156 4
336 4101 404 4155 not.
428 4091 469 4171 53
500 4102 612 4158 eantn
641 4100 806 4160 eontracta
828 4093 931 4162 forma
951 4093 1077 4162 Ἀοάνο
1097 4107 1148 4162 eat
1169 4095 1314 4184 Lysistr.

229 4189 331 4272 13⁰⁰,
361 4189 488 4258 Ἀθάνα
510 4191 640 4260 llerael·
663 4203 726 4260 ete.
