2872 4780
339 323 461 417 §.to
513 317 1044 429 Dsnproneto'proov.
1099 389 1108 410 .
1167 327 1234 404 171

149 527 224 596 (lei.
245 527 384 620 Syrte,
404 529 580 616 πρόβουλοι
593 535 739 600 thsru.
755 535 831 619 721,
855 537 1052 619 συρβρνλιύυ
1072 493 1191 628 Sophr.
1204 539 1239 607 8,

148 633 259 709 δοῦλος
280 655 355 699 eum
376 633 530 702 derivstis
552 636 588 701 iu
610 635 732 727 Delph.
755 637 858 704 Phoe.
880 638 990 706 Aetol.

233 763 297 831 Ad
317 789 373 830 ur.
398 765 439 832 72
472 765 524 831 De
546 767 647 841 κεῖνος
667 765 702 830 iu
711 765 842 833 mitiore
857 763 981 833 Doride
1002 767 1069 833 rid.
1085 767 1117 852 ξ.
1130 769 1238 854 33,3;

147 867 278 954 seipse
299 867 383 932 m'nle
404 891 422 932 ι
439 865 612 933 Diodorlio
634 891 674 932 ex
693 867 845 956 Elmsleji
869 871 1053 956 conjecture
1074 881 1240 962 receptum

149 980 201 1037 est
222 968 366 1036 Acheru.
390 969 475 1052 697,
506 969 565 1035 uhi
592 969 701 1060 potius
723 969 814 1058 leges
836 969 928 1054 κόρια
950 971 1083 1038 κᾶθλίου
1103 972 1240 1058 πατρός;

147 1073 331 1153 Δωρικλιός
352 1071 415 1138 lss.
436 1071 517 1138 1835
533 1095 551 1136 s
568 1065 735 1138 Boeohhio
756 1073 792 1137 iu
807 1075 980 1154 Δορικλιός
1001 1085 1154 1140 mutatum
1177 1087 1239 1159 est,
1345 1152 1347 1162 Ι

146 1198 210 1241 nec
241 1171 346 1264 magis
379 1176 571 1260 Δωρίμαχος
603 1174 733 1240 tolerari
765 1173 903 1241 debehat
934 1175 968 1240 in
1001 1176 1102 1244 Ther.
1132 1179 1239 1264 24583

151 1273 330 1362 Οὐρανία
360 1285 410 1341 est
440 1273 474 1341 iu
510 1271 605 1343 titulo
636 1273 816 1368 Segesteuo
844 1275 887 1342 R.
915 1275 959 1344 ll.
992 1319 1034 1331 -
1077 1275 1239 1346 Addimus

146 1375 236 1472 lpuod
256 1401 316 1470 pro
339 1375 543 1462 ἀρωραῖοι
563 1377 708 1445 Acheru.
727 1377 795 1446 728
822 1402 840 1445 e
861 1375 1049 1450 Ravennae
1072 1373 1239 1468 ἇρουραῖοι

144 1477 383 1550 restituendum
405 1489 456 1547 est

232 1610 286 1686 13)
328 1606 402 1676 er
425 1605 503 1674 setis
525 1605 763 1674 demonstrasse
786 1607 882 1676 uobis
903 1609 1053 1706 videmur
1074 1633 1133 1696 es,
1156 1603 1240 1704 ques

145 1709 397 1806 proposuimus,
431 1709 576 1776 severius
607 1709 713 1776 solum
737 1709 876 1778 Doridis
907 1736 1013 1802 genos
1036 1742 1055 1792 η
1077 1723 1110 1780 et
1132 1740 1155 1776 ω
1178 1738 1239 1804 pro

145 1814 338 1906 vulgerihus
369 1837 397 1878 ιι
426 1821 459 1877 et
485 1837 521 1878 ov
550 1809 668 1878 hahere
702 1812 831 1905 (poueis
858 1813 1053 1903 quibusdum
1083 1809 1239 1906 exeeptis,

147 1941 233 2010 quse
254 1915 334 1984 adeo
355 1915 390 1982 iu
411 1913 489 1980 lude
511 1940 536 1978 or
557 1919 724 2000 tuentur)·,
758 1939 865 2008 neque
894 1916 983 1982 illam
1005 1915 1148 2006 ubique,
1181 1909 1239 1985 sed

146 2021 290 2112 (praeter
309 2042 366 2098 es,
400 2041 483 2106 quse
506 2009 725 2084 contrahendo
745 2028 819 2084 nete
841 2031 917 2086 suut
938 2028 970 2085 et
990 2033 1118 2110 prester
1137 2044 1239 2111 prum

145 2121 325 2216 quaedum,
362 2143 500 2212 quorum
528 2119 623 2212 origo
652 2130 685 2188 et
712 2120 940 2212 antiquissimo
969 2121 1072 2189 forme
1101 2121 1239 2192 obscure

144 2227 209 2308 est)
233 2223 268 2290 io
291 2223 334 2290 iis
356 2221 580 2308 solummodo,
603 2247 686 2314 quoe
710 2219 930 2314 diphthongos
951 2249 979 2290 ει
999 2236 1032 2292 et
1054 2252 1090 2293 ov
1106 2237 1240 2318 propter

145 2350 323 2396 consonam
346 2326 480 2414 ejectum
503 2350 544 2392 en
559 2349 573 2390 ε
591 2335 661 2392 eto
683 2327 895 2416 productione
918 2327 1116 2418 suppletorie
1138 2331 1239 2398 lactes

144 2431 277 2498 hsheut.
333 2426 449 2494 Sicubi
479 2425 674 2517 diphthongi
704 2428 789 2494 nlius
811 2428 949 2518 originis
971 2441 1065 2513 suut,
1097 2431 1239 2500 nuullis

144 2529 358 2602 Doriensium
380 2539 565 2614 mutentur,
589 2539 626 2595 ut
646 2532 765 2608 πείθω,
789 2531 880 2594 λείπω
901 2552 920 2595 e
943 2531 1110 2598 radicibus
1124 2544 1184 2598 πιθ
1207 2545 1239 2599 et

145 2643 218 2718 tan,
238 2634 450 2717 Ἡρακλείδας
471 2654 513 2698 ex
531 2633 759 2720 ‘apostatam
793 2629 902 2710 οὗτος,
925 2629 961 2698 οὐ
983 2644 1045 2700 eto.
1090 2636 1237 2726 Dignum

145 2750 253 2806 eutem
275 2747 344 2820 est,
376 2759 442 2826 quo
464 2733 606 2800 euimum
626 2735 793 2814 advertes,
832 2735 920 2824 quod
942 2735 975 2800 in
999 2737 1160 2806 severiore
1182 2737 1239 2806 ille

144 2839 272 2907 Doride
301 2862 359 2928 per
384 2836 633 2927 productionem
662 2836 894 2927 suppletorium
915 2837 1030 2908 breves
1053 2840 1180 2908 vocales
1202 2841 1237 2907 iu

143 2944 233 3011 hune
253 2941 384 3008 modum
407 2939 637 3006 immutenturs

341 3073 361 3134 ἅ
404 3093 417 3134 ι
458 3073 473 3130 ἵ
516 3095 533 3135 o
576 3071 594 3134 ὕ
659 3126 664 3135 .

272 3173 308 3238 ln
337 3174 358 3236 ἆ
395 3199 415 3250 η
457 3173 471 3233 ἶ
509 3197 534 3236 ω
572 3173 601 3236 ὗ.

229 3300 358 3384 Vides,
391 3325 487 3392 quum
517 3299 598 3367 haee
627 3289 712 3367 mtio
739 3301 845 3392 magis
873 3300 937 3369 sihi
960 3313 1107 3388 constet,
1140 3323 1236 3394 qutut

142 3405 253 3473 Attiou
275 3416 308 3471 et
328 3399 439 3470 lonico
459 3403 556 3470 etiem
577 3395 699 3470 mitiori
720 3404 838 3470 Doridi
859 3407 1007 3496 proprie,
1044 3428 1107 3497 qur
1130 3431 1144 3471 ε
1165 3421 1197 3474 et
1219 3429 1236 3474 o

142 3509 335 3599 plerumque
356 3504 391 3570 iu
414 3531 441 3570 ει
463 3515 496 3572 et
517 3531 555 3571 ov
575 3507 817 3595 producuntur3
840 3529 914 3572 nom
937 3529 993 3573 ene
1016 3531 1146 3598 quoque
1168 3509 1236 3576 dia-

141 3611 222 3678 leeti
252 3607 414 3675 interdum
446 3635 465 3686 η
499 3619 531 3673 et
560 3633 584 3671 ω
613 3609 855 3699 praetulerunt,
885 3621 921 3676 ut
942 3609 1044 3693 πατήρ
1065 3621 1098 3677 et
1121 3613 1236 3692 δαίμων
1286 3643 1289 3651 ·

141 3738 203 3805 pro
224 3736 339 3794 πατιρς
360 3721 393 3776 et
415 3712 540 3792 δαιμονς
562 3711 667 3800 posite
691 3721 778 3776 suut.
833 3709 1030 3802 Quanquam
1051 3725 1164 3778 neutro
1185 3737 1234 3779 rs·

140 3815 188 3882 tio
220 3811 445 3904 antiquissime
474 3822 541 3895 est,
578 3811 730 3904 quonium
759 3811 838 3878 olim
860 3833 1001 3881 consona
1025 3813 1096 3903 ipsa
1117 3815 1234 3882 retine·

140 3917 257 4000 hatur,
281 3927 318 3980 ut
337 3939 377 3980 ex
401 3913 518 3998 dyonea
539 3927 571 3980 et
593 3915 699 4000 ἄγωσα
721 3925 754 3981 et
776 3913 893 3998 ἄγουσα
915 3925 988 3982 nete
1010 3927 1105 4001 sunt,
1127 3929 1234 3984 tumen

140 4020 234 4088 illem
255 4017 427 4106 longorum
448 4017 607 4082 vocalium
625 4029 784 4084 ementem
802 4017 912 4108 aliquo
927 4017 1004 4106 jure
1018 4019 1232 4108 antiquiorem

140 4121 331 4214 proedieere
352 4119 442 4202 lieet,
464 4141 529 4183 uon
552 4141 592 4186 eo
612 4130 720 4188 nmen
742 4143 860 4204 seusu,
884 4132 920 4186 nt
934 4121 1031 4187 lones
1047 4131 1080 4188 et
1096 4121 1233 4212 quiDo·

140 4225 225 4292 ridie
246 4223 388 4290 mitiore·
396 4243 516 4310 genere
538 4233 673 4288 utuntur
694 4222 787 4311 prius
815 4221 942 4307 olywoo,
975 4235 1085 4314 postes
1114 4223 1233 4307 ἄγουσα
