2866 4766
223 337 300 418 318
593 337 650 412 De
680 335 943 436 conjugatione.

224 571 275 616 ιιι.
308 545 393 614 3948
427 543 561 626 διελέγην
591 541 752 628 traditur,
789 543 880 634 quod
906 542 1096 612 Boechhius
1125 542 1160 610 iu
1189 545 1327 631 natan

223 649 369 718 muavit.
435 646 527 730 Qui,
568 646 717 737 quamvis
749 644 878 712 Cretica
909 645 1070 712 dialectus
1099 647 1325 734 singularium

224 754 399 820 formarum
431 748 524 816 dives
553 749 616 831 sit,
649 758 738 815 recte
766 759 873 814 tauron
900 748 1010 837 cgisac
1038 749 1187 834 videtur,
1216 773 1325 841 qun

223 877 332 942 neque
362 852 622 942 apographorum
652 851 734 916 lldes
763 873 880 937 magua
901 850 945 916 sit
964 862 998 917 ct
1018 849 1055 916 iu
1078 851 1259 918 simillimis
1281 853 1325 920 ti·

222 957 303 1024 tulis
336 954 478 1022 Creticis
507 954 603 1022 3050.
634 953 719 1020 3052
749 953 876 1035 tatem
908 953 1048 1040 legatur.
1103 952 1176 1020 Nec
1207 955 1324 1022 miuus

221 1069 310 1126 recte
332 1057 419 1122 idem
440 1055 476 1121 iu
497 1055 641 1147 optativo
662 1057 807 1138 περιιιῖεν
827 1056 951 1145 Amph.
974 1056 1078 1137 1688,
1103 1055 1145 1124 18
1165 1055 1324 1122 tormina·

222 1159 346 1228 tionem
369 1187 426 1238 ην,
460 1181 543 1248 quac
565 1171 616 1226 ast
638 1158 671 1224 in
696 1155 826 1224 Claraci
848 1159 1053 1248 apographo,
1087 1157 1234 1250 sprevit,
1266 1157 1324 1225 vel

222 1263 258 1330 in
291 1263 476 1351 Corcyraeo
505 1261 601 1327 titulo
629 1261 732 1326 urslac
761 1260 837 1326 lidci
868 1283 919 1326 nr.
944 1261 1048 1344 1845,
1077 1263 1121 1329 74
1148 1261 1324 1352 πᾳραδοῖεν

222 1363 370 1455 reposuit
389 1387 449 1454 pro
469 1364 657 1448 παραδοίην.

308 1465 465 1555 Vulgaris
487 1465 590 1530 forma
621 1465 798 1548 διιλίγησαν
821 1464 910 1531 Crct.
934 1463 1019 1532 3947
1041 1461 1129 1551 'l'ejo
1158 1466 1323 1557 lapicidae

222 1567 336 1636 daheri
356 1568 506 1654 videtur3
529 1565 650 1633 certius
672 1577 723 1633 eat
743 1571 893 1648 παρῆσαν
906 1565 1026 1654 Epich.
1040 1567 1104 1652 94,
1126 1569 1214 1660 quod
1231 1581 1322 1637 certe

221 1673 257 1738 in
280 1671 435 1738 omnihus
458 1669 553 1736 lihris
577 1693 651 1738 ease
678 1669 818 1737 videtur.

306 1775 341 1849 7)
385 1772 634 1859 Suhjectivi
669 1795 790 1862 paucae
818 1773 940 1839 formae
969 1771 1197 1861 rcpcriuutur,
1230 1797 1319 1862 quae

131 1885 139 1906 '
221 1901 296 1944 cum
324 1875 453 1965 vulgari
482 1875 608 1968 rationo
639 1875 837 1964 discrepent.
894 1874 946 1940 Dc
980 1874 1190 1961 conjunctivo
1218 1897 1320 1967 snpra

221 1980 367 2046 diximus
390 2003 440 2042 nr.
456 1980 488 2044 2.
534 1977 766 2065 Imperativum
787 1983 875 2060 μῶσο
898 1977 1099 2068 Epicharmo
1117 1977 1321 2046 restituimur

222 2084 265 2148 l'r.
290 2081 350 2148 121
381 2078 448 2146 vid.
477 2077 510 2160 §-
533 2079 595 2161 423
628 2077 715 2144 idem
744 2090 820 2168 prust
848 2105 867 2144 o
894 2080 1035 2166 ejectum
1064 2079 1320 2146 contractionem

222 2205 342 2272 passus
362 2191 414 2246 est
434 2180 470 2245 in
491 2181 618 2263 περίδου
639 2180 785 2246 Acharn.
808 2181 873 2250 738
895 2193 928 2250 et
949 2184 1027 2266 πριά
1058 2182 1095 2258 (i.
1119 2203 1149 2246 c.
1171 2183 1318 2266 πρίασο),

223 2293 260 2350 ut
279 2307 341 2374 pro
361 2283 444 2366 apto
466 2278 699 2370 rescripsimus
722 2279 840 2372 Epich.
864 2285 926 2367 93,
957 2283 1023 2350 vid.
1047 2284 1079 2368 ξ.
1103 2283 1166 2368 24,
1187 2285 1223 2350 4.
1268 2285 1320 2351 De

221 2383 406 2476 imperativi
436 2405 575 2474 persona
604 2380 699 2448 tertia
728 2383 848 2472 plurali
876 2387 1005 2476 egimus
1033 2386 1066 2470 ἓ.
1090 2385 1152 2468 35,
1173 2387 1207 2454 3.
1260 2387 1319 2455 Se·

221 2487 329 2554 cunda
359 2483 538 2576 singularis
564 2483 731 2574 praeteriti
752 2485 908 2556 Doricam
939 2488 1192 2556 contractionem
1223 2513 1319 2580 passa

221 2601 271 2655 cst
293 2589 328 2654 iu
352 2589 465 2672 inpio,
498 2586 588 2676 quod
608 2584 644 2652 iu
667 2587 759 2653 Aua.
784 2587 872 2654 (lxx.
894 2589 965 2673 111,
988 2591 1072 2672 241,
1097 2591 1139 2656 12
1158 2589 1319 2660 Doricum

223 2689 433 2780 dicitur·pro
462 2690 580 2773 ἐπρίω,
615 2687 760 2776 ἐπρίασο.
817 2689 1016 2780 Corruptum
1038 2715 1112 2760 cass
1129 2693 1320 2779 judicamus

223 2795 410 2868 συνέθοιτο,
445 2790 534 2882 quod
565 2792 600 2856 iu
622 2789 713 2858 Cret.
738 2791 845 2871 2554,
868 2795 890 2860 2
917 2793 1041 2882 legitur
1070 2819 1129 2886 pro
1152 2799 1319 2864 svamm·

220 2915 283 2958 neo
312 2891 452 2982 probare
481 2915 659 2980 possumus
689 2893 905 2977 συνεθόμιθα,
938 2895 1027 2986 quod
1059 2897 1180 2964 ihidcm
1210 2901 1235 2966 1.
1257 2901 1318 2969 291

221 2993 406 3062 Basckhius
428 3017 447 3059 e
471 2993 671 3078 συιθεόμιθα
693 2997 812 3066 cliceit.

707 3213 739 3296 s.
767 3214 820 3282 so.

622 3369 684 3420 lte
705 3371 816 3420 verbo
835 3363 913 3430 rint.

374 3520 408 3600 l)
451 3517 565 3584 Pracs.
588 3515 727 3582 Iudicat.

306 3620 424 3711 Siug.
450 3622 480 3686 l.
525 3620 606 3700 εἰμί
626 3617 745 3709 Epich.
771 3620 830 3704 193
852 3619 885 3685 in
909 3619 1072 3688 severiore
1094 3619 1222 3688 Doride
1244 3645 1319 3714 pro·

219 3723 274 3790 cul
296 3722 398 3790 dubio
420 3719 476 3803 ἦμί
497 3733 565 3786 crat
585 3719 652 3786 rid.
676 3720 708 3804 §-
731 3721 793 3804 241,
817 3723 849 3787 3.
873 3745 903 3788 ι.

305 3822 383 3888 Sin
391 3845 425 3910 g.
449 3823 482 3888 2.
528 3823 545 3884 ε’
555 3823 623 3886 ool
654 3821 869 3912 Syracusanis
890 3823 1045 3890 tribuitur
1065 3825 1105 3892 ah
1127 3825 1319 3893 Herodiano

219 3951 254 3990 π.
278 3948 311 4005 μ.
335 3929 362 3988 λ.
386 3923 450 4005 44,
475 3923 535 4006 19,
569 3923 626 4014 qui
651 3923 785 4012 apponit
807 3923 925 4014 Sophr.
947 3925 1010 4009 90,
1031 3940 1064 3994 et
1084 3927 1207 4016 legitur
1226 3953 1318 4018 prae·

221 4037 309 4092 terea
333 4021 452 4113 Epich.
478 4025 559 4108 130,
593 4023 666 4090 i'oo’
690 4024 808 4115 Epich.
835 4027 916 4112 125,
947 4052 1007 4096 nce
1030 4029 1140 4096 miuus
1164 4031 1198 4096 iu
1221 4029 1320 4098 dictis

220 4125 397 4196 Laconicis
416 4125 582 4192 Plutarch.
605 4127 724 4214 Pyrrh.
748 4151 779 4194 c.
791 4129 834 4196 28
855 4144 889 4198 ct
902 4129 1071 4222 Apophtt.
1088 4131 1169 4198 Lac.
1192 4155 1225 4222 p.
1240 4133 1317 4200 211.

220 4231 295 4297 233.
340 4229 510 4298 Postremo
540 4251 583 4295 nc
603 4227 801 4296 Theocritus
835 4231 969 4322 quidem
996 4245 1030 4300 ct
1058 4233 1224 4301 Pindarus
1254 4235 1319 4302 alia
