2814 4760
225 353 304 434 446
341 353 447 450 §.ull
465 351 684 430 DcDoridis
692 375 876 454 geneum
889 365 926 428 et
941 349 1147 450 speeiemm
1161 350 1323 454 origine.

224 559 313 628 utos
334 560 471 626 colones
492 557 661 650 recepisse
682 568 806 626 certum
828 547 889 626 ae't.
905 596 947 615 -
970 554 1098 624 Omnes
1111 564 1220 626 eam
1241 553 1324 622 illes

225 661 375 732 ciuitates
394 660 556 746 Doricae,
588 685 727 751 quarem
754 660 849 752 oripo
875 659 917 726 ad
935 657 1085 748 Argiuos
1103 667 1161 724 aut
1180 657 1324 726 relertu

225 776 283 834 aut
302 762 475 834 referenda
496 787 571 832 esse
591 763 740 842 ridetur,
775 763 906 830 mitiore
925 759 1064 828 Doridis
1093 781 1214 850 genere
1245 781 1322 826 usas

225 889 301 936 esse
334 866 434 934 modu
464 889 507 932 ex
534 864 808 956 inscriptionibus
839 863 1009 952 cognitum
1037 861 1194 932 omenes
1222 861 1321 930 medo

224 967 388 1060 probabili
409 968 601 1056 conjecture
621 965 838 1059 assequimur.
881 965 935 1034 Ne
947 964 1094 1034 Creticae
1110 965 1247 1056 quidem
1266 989 1321 1034 ur·

223 1071 304 1156 lues,
336 1093 422 1161 quae
441 1071 663 1139 Altlreemenc'
689 1071 773 1138 duce
800 1069 912 1160 paullo
939 1079 1014 1156 post
1037 1066 1242 1155 Megaridem
1268 1089 1321 1132 ce·

223 1183 313 1264 ptam
333 1172 589 1242 eDuriensilrns
603 1173 775 1261 Arpoliois
797 1170 948 1240 conditae
968 1193 1042 1238 esse
1059 1169 1224 1252 teruntur,
1245 1192 1321 1238 cu

223 1275 393 1367 plerisque
416 1275 632 1344 Cretensibus
660 1277 808 1344 essemus
832 1297 943 1366 genus
969 1295 1142 1340 commune
1163 1271 1320 1342 tmrisoe

224 1387 350 1446 mrtem
363 1387 424 1446 est.
469 1377 587 1468 Neque
607 1379 696 1446 enim
718 1378 852 1446 disertis
872 1375 1071 1444 testimoniis
1090 1386 1237 1457 nunaut,
1259 1373 1320 1464 qai

225 1478 433 1548 Cretensium
453 1482 615 1571 Argiuam
634 1480 796 1570 originem
812 1478 1031 1567 jectaverint,
1053 1489 1088 1546 et
1101 1476 1320 1567 Polyrrbcaie

223 1593 321 1673 atque
342 1583 476 1674 Lappa,
509 1606 593 1674 qnae
615 1584 736 1676 oppida
756 1580 925 1650 Hoenlains
953 1581 988 1647 ll
1016 1605 1052 1671 p.
1072 1579 1149 1648 4³8.
1171 1578 1236 1646 tto
1255 1577 1316 1646 Al·

222 1685 389 1754 tleemmi
408 1685 572 1756 conditori
593 1683 929 1768 ossismorum,
950 1685 1092 1752 toruos
1104 1681 1236 1750 mitiore
1247 1681 1315 1750 Do·

203 1787 294 1856 ·ride
315 1787 491 1858 utebantur
511 1789 578 1856 rid.
601 1789 635 1874 §-
657 1790 722 1875 49,
744 1789 777 1857 4.

304 1987 548 2057 Messeniorum
569 2011 631 2056 nen
653 1988 763 2056 minus
777 1985 1019 2056 Messeniorum
1039 1985 1076 2054 iu
1093 1985 1210 2056 Sieilia
1228 1985 1318 2056 tituli

223 2087 383 2158 Doridem
405 2089 567 2158 mitiorem
591 2089 766 2176 exhibent,
790 2091 849 2158 sed
866 2090 907 2156 de
926 2089 1070 2180 genuine
1089 2088 1224 2160 illorum
1248 2089 1318 2156 dia-

222 2192 308 2258 terto
328 2191 511 2279 paullulum
534 2191 678 2260 dubitari
691 2215 790 2281 posse
806 2192 1036 2260 indicarimus.
1080 2191 1317 2281 Spartanorum

222 2291 368 2360 severior
388 2293 491 2362 Doris
521 2308 573 2362 est
600 2307 634 2362 et
660 2293 773 2361 eadem
801 2294 837 2365 in
851 2295 958 2364 Creta
979 2295 1185 2378 dominatur,
1220 2319 1318 2386 qna·

221 2395 334 2486 paullo
353 2406 430 2486 post
449 2396 648 2466 Lanuuinum
668 2395 922 2468 aDoriensilsns
944 2409 1069 2487 ceptam
1091 2395 1219 2466 incolas
1242 2397 1320 2466 inde

221 2498 390 2589 accepisse
417 2513 567 2581 namet,
601 2499 804 2586 Dorienses,
836 2499 970 2590 llinpes
1001 2510 1034 2566 ct
1063 2500 1218 2568 Acheros
1250 2499 1316 2566 vid.

221 2599 348 2670 lloeela.
372 2603 406 2670 ll
427 2627 460 2694 p.
483 2605 559 2674 418.
603 2603 788 2694 Praecipue
810 2603 952 2692 Lyctum
971 2626 990 2670 a
1012 2601 1182 2692 Spartanis
1205 2601 1318 2670 coadi-

221 2715 287 2771 tem
313 2727 388 2772 ease
417 2707 593 2774 affirmator
620 2707 646 2774 1.
668 2707 693 2774 l.
723 2730 758 2796 p.
780 2707 866 2791 431,
897 2717 932 2772 et
966 2704 1163 2794 oppidorum
1185 2705 1319 2774 nemim

220 2807 306 2872 hand
328 2830 432 2898 panna
453 2807 637 2877 Laconicae
658 2821 691 2875 et
713 2805 830 2874 Cretes
858 2807 1062 2891 eommunia,
1094 2805 1319 2874 institutorem

220 2919 255 2976 et
274 2930 402 2975 morum
423 2909 567 2999 insignis
594 2909 799 2993 similitudo,
831 2907 895 2976 alla
915 2910 1017 2977 melta
1037 2908 1211 2978 arctiorem
1231 2909 1319 2976 inter

218 3009 373 3077 Lenones
394 3020 428 3077 et
449 3015 626 3081 Cretenses
649 3012 879 3101 cognationem
899 3023 1053 3101 arguunt.
1075 3045 1119 3062 ·-
1138 3012 1189 3079 At
1207 3011 1318 3080 lllelue

216 3123 255 3180 et
276 3111 406 3198 There,
434 3137 571 3204 quarum
592 3113 628 3178 in
649 3115 759 3182 titulis
780 3115 892 3182 mitior
911 3113 1013 3182 Doris
1033 3127 1189 3205 apparet,
1218 3113 1318 3205 Spar·

216 3226 371 3282 tenorum
392 3239 428 3281 ae
448 3214 595 3282 colonias
616 3240 690 3284 esse
711 3241 778 3284 non
798 3219 903 3285 multo
923 3228 999 3307 post
1019 3217 1175 3284 Doricam
1196 3216 1318 3307 migra-

219 3315 342 3386 tionem
364 3317 512 3386 conditas
528 3319 708 3406 jactabant.
752 3319 861 3388 Erunt
876 3320 934 3411 qui
947 3321 1145 3387 severiorem
1158 3319 1317 3386 Doride·

99 3471 106 3492 .
220 3419 262 3488 ab
283 3421 336 3488 lris
357 3422 548 3488 derelictam
577 3445 651 3490 esse
673 3423 879 3508 existiment,
910 3423 1104 3513 praesertim
1124 3445 1229 3514 quum
1251 3420 1318 3512 Cp-

219 3521 354 3610 renaei,
386 3523 611 3594 Theraeornm
640 3525 771 3606 coloni,
788 3526 864 3594 ¹illa
893 3525 949 3592 asi
978 3525 1057 3592 siat.
1111 3523 1254 3592 Nosmct
1278 3547 1318 3592 ee

220 3626 332 3694 minus
359 3627 544 3713 credimus,
579 3629 668 3718 qnod
696 3629 918 3695 'Pheraeorum
946 3626 1061 3718 lingua
1086 3639 1214 3694 tantum
1243 3651 1315 3718 pre·

222 3728 370 3821 prietatis
382 3729 498 3815 lrabet,
521 3742 558 3797 nt
578 3731 620 3796 alr
641 3731 707 3796 alio
729 3731 852 3821 populo
872 3729 966 3796 nullo
989 3740 1121 3820 accepte
1143 3753 1219 3796 csse
1242 3751 1317 3820 pee-

222 3831 277 3900 sit.
322 3831 439 3922 Neque
468 3843 519 3900 est
547 3856 608 3898 cnr
629 3831 742 3900 Meliis
772 3845 806 3899 et
825 3833 987 3900 Thoracis
1007 3831 1188 3922 antiquitus
1209 3831 1317 3898 mitis·

221 3957 292 4003 rem
311 3931 472 4002 Doridem
492 3935 686 4002 familiarem
703 3935 813 4003 luisse
836 3956 1008 4025 negemus.
1059 3933 1208 4025 Utraque
1229 3932 1316 4000 esim

221 4037 352 4106 colonie
373 4059 441 4104 uon
462 4037 503 4104 ab
525 4037 609 4127 ipsis
630 4037 802 4128 Spartanis
822 4037 953 4104 condita
982 4048 1054 4121 est,
1085 4038 1117 4104 si
1143 4035 1316 4104 andis-am

220 4138 440 4210 accuratiores
468 4139 694 4225 narrationes,
727 4138 786 4208 sed
814 4139 980 4232 alliepis
1006 4149 1040 4208 et
1059 4137 1224 4224 Aclraeis,
1255 4137 1315 4229 qui
