2874 4756
5 405 10 450 ι,
129 365 161 460 §.
173 365 235 446 50.
257 361 669 464 DeDoridisgenecum
685 375 723 435 et
739 357 947 458 specierum
965 357 1118 459 origine.
1145 357 1218 436 tat

99 563 112 606 ¹
129 577 208 638 rnnt
224 567 293 636 vie
309 565 444 636 bliiller.
462 563 547 632 Dor.
571 563 589 630 1
611 585 647 654 p.
660 563 724 631 174
744 571 778 630 et
798 561 888 654 quod
906 581 968 652 per
986 561 1122 652 aliquod
1142 574 1223 630 ten.

129 669 325 762 possessi,
357 669 566 736 Achaeorum
592 663 738 755 posteri,
768 685 896 732 omnem
917 665 1151 754 rempublicam
1173 675 1224 732 te·

129 773 254 841 nebant
273 717 340 838 vid.
364 769 447 836 ibid.
470 769 504 834 ll
533 792 567 859 p.
592 765 652 854 55·
685 766 769 834 addc
790 766 878 856 quod
896 765 1020 858 Argivi
1040 767 1224 834 eommunis

129 872 481 968 Peloponnesiorum
467 868 613 938 foederis
631 880 781 962 expertes
801 892 821 936 a
841 867 1046 961 reliquos-m
1066 891 1223 936 wormer-

128 975 184 1044 eio
205 975 423 1065 sejunctiorcs
445 983 548 1040 erant.

214 1171 421 1240 Difficillima
451 1172 602 1265 quaestio
639 1181 692 1238 est
727 1171 769 1238 de
804 1169 988 1260 antiquiore
1019 1169 1224 1264 Delphorum

132 1275 292 1362 dialecto,
313 1297 494 1368 quaecum
515 1269 643 1366 reliqua
659 1272 786 1342 Doride
809 1273 1057 1364 septentrionali
1078 1276 1119 1342 ab
1140 1274 1224 1365 ipsis

5 1435 6 1470 p
130 1378 274 1469 Delpbis
302 1377 484 1445 recentiore
512 1390 658 1468 tempere
685 1377 834 1469 adoptata
862 1375 989 1444 duabus
1016 1377 1225 1466 podsaimsn

130 1479 231 1548 rebus
262 1481 392 1564 differt,
424 1477 567 1570 primum
598 1479 798 1570 syllabarum
829 1479 977 1546 finalium
1003 1480 1224 1599 eorpeptime,

132 1581 253 1650 deiude
289 1583 404 1650 tertiae
438 1581 577 1672 pluralis
608 1581 874 1692 imperativum
909 1581 1140 1650 terminatione
1170 1607 1224 1647 cas

132 1685 262 1770 Quodsi
275 1696 450 1776 unumque
464 1657 716 1751 Cretensibus
702 1707 873 1752 commune
894 1682 1002 1750 luisse
1020 1683 1226 1767 memineris,

130 1787 228 1855 focile
250 1809 292 1852 eo
315 1787 499 1864 delaberis,
532 1797 568 1851 ut
587 1809 661 1853 eous
681 1785 824 1852 Miillero
845 1785 929 1852 Dor
952 1785 969 1850 1
995 1809 1030 1875 p.
1052 1785 1136 1869 210,
1166 1783 1225 1876 qai

132 1889 203 1956 sola
240 1888 402 1977 bymui
392 1913 428 1954 ιιι
465 1887 659 1976 Apollinem
692 1887 849 1976 Pptbium
880 1887 1065 1954 remotione
1095 1887 1225 1971 nititur,

133 1989 297 2056 Creticam
319 1989 481 2058 coloniam
502 1988 653 2080 Delphos
672 1989 865 2078 pervenisse
887 1989 1014 2056 credas.
1066 1989 1115 2056 Aa
1143 1989 1227 2055 auti·

132 2092 303 2182 quissimis
324 2093 360 2158 id
384 2091 585 2182 temporibus
607 2092 711 2158 multo
732 2103 807 2158 ante
828 2091 1055 2180 migrationem
1069 2091 1226 2158 Doricam

130 2195 254 2260 laetum
284 2193 472 2259 existimare
500 2205 684 2284 oporterct3
720 2203 856 2284 ubsque
884 2216 962 2259 vero
993 2193 1124 2260 dialecti
1151 2217 1226 2283 pro·

130 2295 254 2386 prietes
275 2296 348 2382 ejus
370 2295 502 2384 generis
524 2305 593 2377 est,
622 2307 746 2362 utnon
768 2319 787 2361 e
810 2319 935 2362 summa
956 2296 1150 2387 antiquitate
1172 2319 1226 2363 su·

130 2408 259 2490 perstes
280 2396 385 2464 videri
407 2397 521 2487 possit.
566 2397 740 2462 Praeterea
761 2409 899 2486 unaque
919 2421 987 2463 non
1009 2399 1118 2464 minus
1138 2397 1226 2464 Tbe-

130 2499 218 2566 raeis
244 2499 428 2566 eommunis
454 2511 522 2581 est,
555 2498 678 2588 quibus
708 2497 880 2564 arctiorem
908 2521 982 2563 euna
1011 2497 1226 2566 Cretensibus

132 2612 166 2668 et
185 2599 328 2690 Delpbis
354 2599 583 2688 cognationem
613 2600 705 2666 nullo
733 2599 831 2665 titolo
863 2599 1030 2667 vindicare
1058 2601 1155 2685 lieet,
1190 2610 1228 2664 nt

132 2705 320 2772 omittamus
346 2725 406 2768 eos
432 2699 593 2792 populos,
626 2699 687 2789 qui
714 2700 869 2768 alterutra
897 2700 950 2766 usi
979 2710 1067 2766 suut.
1110 2699 1227 2790 Itaque

131 2805 228 2872 illum
248 2801 384 2892 linguae
405 2812 599 2870 concentum
621 2825 700 2868 casu
722 2813 834 2869 natum
863 2801 1030 2887 arbitrati,
1062 2801 1227 2892 quomodo

131 2907 254 2974 lactum
284 2905 347 2989 sit,
381 2917 418 2972 ut
445 2905 649 2995 antiquiores
668 2903 793 2994 Delpbi
819 2904 977 2972 illumin
997 2905 1131 2973 modum
1151 2926 1226 2972 ento

5 3097 6 3106 ἵ
130 3009 250 3076 vicinis
271 3007 516 3098 discreparent,
543 3005 696 3096 ignorare
717 3031 779 3074 uos
799 3009 951 3076 latemur.

216 3203 354 3271 Unicasu
382 3205 452 3272 lere
482 3228 571 3288 rem,
617 3167 682 3294 qua
711 3203 868 3272 intuleris
895 3203 998 3272 Doris
1024 3207 1177 3274 universa
1206 3231 1226 3274 a

5 3317 6 3326 ’
131 3303 261 3395 reliqua
289 3305 419 3373 mitiore
447 3305 573 3374 Doride
606 3305 843 3396 distinguitur,
875 3308 1036 3376 vocalium
1067 3333 1099 3374 ce
1128 3309 1165 3374 in
1194 3333 1228 3374 ao

132 3405 439 3495 conjungendarum
461 3432 601 3476 amorem
630 3432 649 3474 a
676 3408 796 3474 vicinis
817 3409 955 3476 Ionibus
984 3421 1152 3500 acceptum
1180 3410 1225 3476 vi·

5 3513 6 3534 ³
132 3507 204 3576 deri
237 3507 496 3596 significavimus
527 3510 647 3602 idque,
685 3510 715 3576 si
747 3534 846 3601 supra
875 3524 963 3579 reete
986 3512 1225 3600 judicavimus,

5 3613 6 3622 ’
130 3609 220 3700 apnd
251 3607 402 3677 Rbodios
431 3611 562 3700 quidem
589 3636 656 3678 uon
683 3622 758 3678 aute
778 3612 929 3704 quintum
950 3615 1128 3682 saeculum.
1173 3615 1230 3682 ln·

133 3711 243 3804 siguis
271 3711 406 3802 liuguae
434 3712 521 3780 iuter
552 3713 704 3803 singulas,
732 3714 858 3780 insulas
879 3717 1017 3782 varietas
1037 3717 1072 3783 iu
1095 3741 1134 3784 eo
1154 3717 1230 3809 ipso

5 3819 6 3828 ’
132 3811 386 3905 explicationem
408 3813 526 3898 babet,
559 3815 648 3906 quod
669 3815 800 3898 insulae
821 3817 1011 3906 quotidiano
1033 3821 1230 3890 commercio

5 3909 6 3926 ¹
133 3915 317 4006 prohibitae
340 3915 472 3982 lucilius
492 3915 581 3984 leves
603 3917 764 3986 sermonis
786 3918 987 4004 differentias
1010 3923 1063 3990 vel
1085 3923 1229 4014 &ponat

5 4023 6 4036 ¹
135 4017 188 4086 vel
214 4019 338 4086 fovent.
391 4017 579 4086 Rhodiacae
608 4020 740 4087 dialecti
766 4021 966 4112 proprietas,
1002 4025 1164 4092 vocalium
1195 4049 1227 4092 eo

66 4211 73 4224 Ι
133 4123 355 4192 contractione
389 4131 547 4214 excepta,
592 4146 610 4188 s
649 4122 777 4192 celenis
814 4123 1013 4192 Gelensibus
1048 4139 1081 4196 ct
1110 4129 1228 4196 borum
