2866 4766
226 336 304 414 362
399 337 433 430 §-
448 336 509 414 44.
544 339 602 412 De
616 338 801 415 adverbiis
822 341 895 416 loci
914 357 951 415 et
971 344 1160 440 temporie.
1404 293 1406 434 ,

227 544 327 612 Nune
347 567 451 636 peuce
472 543 546 632 ejus
566 545 699 633 generis
722 545 759 610 in
781 545 888 612 titulis
917 543 1151 634 reperiuntur:
1186 545 1335 637 Corcyr-

229 648 540 715 1841.1843.1844
563 647 735 730 ἀναθέμεν,
761 649 892 714 timiam
914 650 992 724 δοκεῖ
1012 647 1223 732 προβούλοις,
1247 676 1339 735 προ-

182 747 185 759 '
228 751 328 824 δ1κοις
349 753 451 823 καλῶς
473 747 572 834 ἔχειν,
595 749 653 815 ubi
667 749 854 816 Boeeklaiue
875 773 943 814 non
967 749 1109 815 debebat
1128 750 1336 818 minusculi·

227 850 289 938 ὅπῃ
310 849 427 936 edere,
462 851 540 917 iude
562 853 708 942 corrigas
731 851 992 940 conyntttto,
1015 853 1099 935 143,
1132 852 1192 918 ubi
1213 853 1337 920 eaden

226 953 368 1020 formula
388 953 424 1018 iu
446 955 535 1020 buno
556 955 689 1022 modum
712 965 863 1042 corrupte
886 963 956 1018 eote
980 953 1171 1035 ἀναθέμενον
1191 981 1250 1020 ποι
1272 982 1339 1020 κα-

227 1057 319 1133 δονηε
340 1054 531 1139 προβούλοις
551 1059 606 1120 καῖ
626 1057 792 1144 προδίκοις
819 1060 922 1130 καλῶς
950 1055 1030 1142 ἔχειν
1062 1057 1225 1138 (Boeekb.
1252 1057 1338 1124 dea-

218 1158 320 1240 ,δέμεν
349 1158 423 1224 ὅποι
449 1183 491 1221 κα
514 1158 620 1243 δοκῇ).
678 1157 719 1222 ln
740 1159 922 1248 Aunpbneo
944 1159 1061 1225 Roesii
1088 1184 1140 1225 nr.
1167 1161 1183 1226 1
1215 1157 1275 1246 (C.
1301 1162 1335 1226 Ι.

172 1297 174 1302 v
225 1282 276 1327 ur.
297 1261 397 1338 2477)
419 1260 445 1326 1.
470 1259 510 1328 11
533 1267 584 1324 est
606 1260 678 1324 ὁπεῒ
698 1257 754 1347 (G.
778 1262 808 1326 1.
831 1260 941 1328 minus
963 1272 1050 1328 reete
1073 1264 1149 1341 ὁπη)
1172 1263 1253 1328 etl.
1275 1264 1334 1328 13.

226 1361 268 1430 19
289 1363 404 1445 (ὁ)πεῖ,
427 1362 453 1428 l.
477 1361 518 1428 19
540 1359 634 1425 eieci.
679 1360 811 1428 Deinde
832 1362 921 1453 apud
942 1361 1147 1454 Sophrouem
1168 1365 1340 1453 teguntur

222 1466 278 1532 πεῖ
303 1465 346 1530 fr.
370 1463 435 1547 35,
478 1463 510 1528 εἴ
532 1463 575 1529 1ο.
606 1463 674 1546 86,
706 1467 792 1554 apud
820 1465 1056 1556 Epiebermum
1085 1467 1129 1532 t'r.
1160 1467 1202 1535 19
1229 1470 1335 1545 enati.

223 1566 326 1657 Apud
346 1564 560 1632 Theocritum
581 1565 735 1632 adverbia
767 1568 841 1655 ejus
864 1569 997 1659 generis
1019 1571 1099 1636 haee
1119 1569 1174 1638 vet
1194 1579 1338 1662 recepta

225 1679 304 1736 eunt
323 1667 378 1736 vel
399 1693 417 1734 e
438 1667 536 1736 libris
557 1667 766 1760 recipiendae

309 1771 479 1856 τηνεῖΙ,
502 1771 574 1839 106.
608 1771 661 1849 11,
683 1773 727 1840 98
746 1771 821 1857 bis,
855 1773 918 1856 lv,
941 1772 996 1839 35.
1027 1771 1073 1855 V,
1095 1773 1150 1840 45.
1173 1774 1227 1842 97.
1253 1773 1330 1856 xl,

224 1875 285 1953 45,
315 1873 375 1942 sed
397 1873 460 1952 lv,
483 1873 538 1940 95.
568 1874 614 1958 V,
636 1875 678 1942 45
708 1885 742 1942 et
769 1875 825 1956 11,
846 1875 889 1942 98
916 1873 1025 1964 priore
1053 1875 1129 1942 loeo
1150 1876 1238 1944 baud
1258 1901 1333 1942 arn·

223 1977 326 2066 bigne
348 1977 457 2042 lorum
486 1977 531 2043 in
560 2001 681 2066 quem
704 1976 879 2064 signifieat.
927 1976 1074 2042 Eandem
1096 1977 1333 2046 adverbiorum

223 2075 493 2167 permutationem
521 2103 600 2144 mox
626 2077 662 2143 in
695 2081 774 2142 τεῖδε
806 2078 1015 2164 notabimus,
1050 2103 1160 2171 neque
1187 2079 1333 2148 aliarum

223 2181 413 2268 linguarum
443 2201 527 2245 usus
560 2180 734 2261 obhorret,
771 2179 939 2270 Anglieee
973 2181 1199 2271 potissimum,
1241 2207 1333 2272 quae

224 2306 339 2350 eume
368 2283 465 2348 bere
493 2281 549 2347 vel
577 2305 625 2370 go
647 2281 767 2346 tbere
793 2304 882 2346 nune
904 2283 1165 2350 accuratioribus
1184 2286 1333 2354 locutio-

225 2385 325 2453 nibus
347 2409 461 2454 eume
482 2385 625 2452 bitber
646 2395 678 2450 et
700 2407 750 2473 go
771 2381 935 2452 thither
955 2387 1121 2474 praeferre
1143 2387 1239 2454 solet.

307 2491 442 2556 τοοτεῖ
461 2487 507 2570 V,
529 2487 571 2554 33
604 2485 655 2568 (id
675 2485 765 2552 enim
785 2485 884 2552 bonis
904 2487 1003 2554 libris
1025 2488 1166 2556 ducibus
1187 2513 1249 2580 pro
1272 2519 1330 2570 οη-

222 2595 272 2658 νεῖ
287 2592 406 2681 reponi
427 2595 588 2682 oportet),
611 2589 693 2656 ibid.
717 2589 771 2656 45.
797 2588 871 2655 103.

307 2697 414 2760 τεῒδε
435 2717 454 2758 e
475 2693 592 2783 paucis
614 2691 713 2758 bouis
734 2691 832 2758 libris
853 2689 1042 2758 Meinekiue
1065 2693 1191 2784 reeepit
1212 2695 1257 2780 V,
1284 2698 1330 2765 32

223 2797 302 2862 αἵδ’
331 2794 394 2861 ὑπὸ
421 2794 478 2860 τᾶν
507 2795 630 2862 κότινον
650 2831 692 2846 -
716 2795 874 2876 οιαθῖξας,
904 2791 1006 2876 Vlll,
1030 2795 1074 2863 40
1101 2796 1179 2860 reid'
1208 2795 1327 2888 ἀγάγῃ,

223 2899 398 2986 utrobique
430 2902 491 2984 pro
523 2897 625 2979 bue,
666 2895 769 2984 reeipi
793 2895 903 2982 jussit
928 2897 963 2980 1,
995 2897 1037 2963 12
1065 2900 1144 2962 τεῑδε
1173 2903 1326 2976 audetne.

222 3001 309 3068 Mire
330 2999 480 3087 ejusdem
500 2997 593 3064 voeis
615 2999 720 3062 formu
749 2999 896 3076 τεῖνδε,
934 3023 1018 3088 quae
1049 2997 1085 3064 in
1114 3001 1251 3068 eebotiio
1282 3003 1330 3068 ad

221 3105 269 3186 V,
283 3105 326 3170 32
339 3101 464 3168 Dorion
485 3123 559 3166 esse
581 3099 703 3166 dieitur
721 3123 781 3189 pro
806 3101 959 3186 ἐνταῦθα,
983 3101 1185 3169 adteinebio
1207 3128 1227 3168 e
1248 3106 1327 3193 qui·

222 3205 361 3272 busdam
374 3203 469 3270 libris
484 3203 613 3294 reeept'a
627 3215 679 3270 est
688 3203 732 3287 V,
750 3203 832 3287 1183
854 3202 965 3270 endem
988 3225 1048 3292 pro
1069 3206 1159 3272 varia
1179 3207 1327 3274 leetioue

223 3321 275 3376 est
296 3308 342 3392 V,
364 3307 418 3374 32.
449 3303 555 3387 vul,
576 3304 620 3372 40
651 3315 684 3370 et
705 3317 871 3396 praeterea
893 3305 938 3388 V,
962 3305 1017 3390 07,
1050 3305 1109 3374 ubi
1130 3306 1326 3376 Meiuebino

222 3409 361 3478 retinuit
387 3412 481 3491 τᾷδε,
526 3407 615 3498 quod
644 3407 804 3474 librorum
834 3407 1024 3474 euctoritnte
1052 3431 1162 3476 carere
1189 3409 1327 3480 videtur

222 3514 372 3604 (antiqua
401 3511 535 3600 vulgate
561 3534 622 3600 pro
652 3512 730 3576 οεῑδε
760 3524 792 3578 et
818 3513 913 3576 τεῖνδε
941 3509 1065 3602 ubique
1095 3522 1146 3584 eet
1172 3515 1246 3589 τῇδε
1266 3517 1325 3582 vet

221 3612 324 3703 τῇδε).
369 3614 487 3682 Formo
508 3612 590 3691 iste,
615 3611 681 3680 nisi
702 3637 721 3680 a
743 3611 887 3680 librariis
909 3636 987 3678 casu
1009 3614 1150 3704 quodam
1166 3615 1243 3682 ticta
1257 3631 1324 3696 eet,

222 3717 264 3782 ed
285 3715 758 3805 rusticampronuntintionem
782 3715 963 3781 revocanda
985 3739 1059 3782 eaee
1080 3715 1222 3784 videtur.

306 3819 342 3894 2)
387 3817 569 3884 Severiorie
592 3817 731 3884 Doridis
760 3818 868 3883 tontes
897 3817 984 3884 idem
1012 3817 1243 3887 adverbiorum
1264 3847 1324 3912 ge·

222 3945 286 3986 uns
308 3919 343 3983 iu
365 3946 385 3998 η
407 3920 461 3986 vel
480 3948 500 4007 ῃ
521 3919 708 3986 terminant.
760 3917 857 3986 Talia
880 3933 958 3986 eunt
978 3920 1013 3985 in
1038 3919 1127 3987 Cret.
1151 3923 1258 4006 2554,
1277 3925 1324 3992 56

223 4023 300 4112 6πῇ
328 4031 362 4087 et
388 4021 413 4087 1.
436 4023 477 4090 75
506 4021 585 4086 κατὰ
606 4021 667 4098 τοῖς
688 4025 784 4102 ταυτᾷ
804 4019 907 4106 νόμως
927 4023 989 4100 τοὶς
1018 4025 1189 4111 terrendi
1217 4028 1323 4106 κειμέ-

221 4151 303 4210 νοις,
338 4124 429 4192 Cret.
452 4123 557 4203 2556,
579 4125 632 4192 20.
655 4125 709 4192 20.
733 4125 776 4192 28
804 4121 885 4190 κατὰ
911 4125 965 4202 τὰς
992 4123 1089 4206 νόμος
1109 4113 1163 4200 τὸς
1184 4129 1323 4208 increpa}

222 4231 380 4311 νειμένος,
415 4229 439 4296 1.
461 4229 505 4296 77
534 4232 564 4293 οἱ
593 4227 787 4305 ε’νεοοοοότες
809 4232 942 4318 ἑκατερῇ
963 4227 1089 4311 Κόσμον
1119 4229 1174 4308 (Β.
1199 4229 1323 4298 Dorici
