2844 4770
198 359 250 438 30
548 355 582 450 §.
609 331 644 434 3.
692 357 753 432 De
778 369 944 432 aoesntu.

100 593 103 600 ·
200 591 267 662 quo
289 565 374 635 niln'l
394 564 479 658 apud
503 563 653 655 antiquos
673 569 882 654 praeseptum
903 557 1107 652 reperimus,
1144 555 1211 626 uisi
1231 557 1296 626 eir·

201 671 395 740 eaaallexum
425 667 557 734 ultimae
587 665 623 732 in
644 675 774 732 sentam
793 660 973 748 transisse,
1011 671 1050 728 ut
1070 660 1169 746 ἁμές,
1209 661 1294 742 sota,

200 775 290 850 noss'e
310 795 371 865 pro
384 771 485 856 ἡμεῖς,
506 771 599 847 νοεῖν,
619 769 722 842 ποιεῖς
743 765 824 842 (ιίι1.
840 768 872 850 §-
888 766 930 832 21
953 775 1022 832 not.
1039 764 1169 843 7et9).
1203 761 1298 848 Quid

200 898 299 961 vero,
331 873 389 940 ubi
416 871 567 961 vulgares
595 870 718 938 formae
746 877 876 936 sautum
896 867 931 934 in
952 865 1132 958 penultima
1151 864 1298 932 habenti

201 978 350 1047 Primum
377 975 413 1042 in
439 972 623 1042 accusativo
649 971 799 1063 pluralis·
815 971 939 1062 primae
960 967 1188 1038 declinationis
1208 965 1298 1036 eodi-

201 1103 257 1148 ees
277 1090 311 1147 et
329 1077 489 1146 editiones
510 1071 891 1142 accentum-nominativi
912 1071 1031 1142 imitari
1052 1069 1162 1138 solent
1181 1080 1219 1136 ut
1237 1073 1299 1136 ut·

203 1207 262 1260 osc
280 1183 423 1248 ΤΙιεοοι.
446 1178 483 1264 1,
502 1179 557 1246 83.
579 1177 643 1263 lV,
666 1177 708 1263 3,
724 1176 888 1261 Ἀρπυιας
908 1173 1045 1242 Hesiod.
1068 1173 1197 1262 Theog·
1219 1171 1298 1253 267,

202 1297 240 1352 ut
258 1280 465 1351 Gaisl'ordiaa
485 1279 612 1346 olibrio
633 1278 803 1371 rescripsit
815 1301 876 1370 pro
887 1278 1047 1365 Ἁρπυίας
1060 1275 1297 1360 ιοΙἈρπιῒας,

201 1386 291 1478 qaod
311 1383 428 1452 lleiuio
444 1381 584 1470 jubente
603 1381 762 1472 seriptum
783 1391 873 1466 erat,
907 1379 953 1448 el.
975 1381 1097 1464 πᾶσαι,
1129 1378 1299 1462 'Apnuias,

202 1499 235 1555 et
255 1487 363 1554 sicubi
383 1485 460 1554 libri
483 1494 614 1553 acutium
633 1483 670 1550 in
690 1483 872 1575 penultima
891 1491 1082 1568 servarunt,
1113 1490 1151 1548 ut
1168 1481 1302 1568 Μοὶρός

198 1591 341 1658 sseocr.
356 1589 411 1674 ll,
437 1587 519 1672 160,
540 1588 714 1672 apoyolode
733 1585 798 1671 IX,
819 1587 873 1672 11,
894 1607 1005 1656 errore
1016 1582 1052 1650 id
1064 1583 1185 1652 laetum
1201 1581 1301 1650 l'aeile

200 1691 449 1760 existimaveris.
472 1689 513 1758 ln
530 1690 715 1757 aoouaativo
728 1677 956 1758 declinationis
968 1686 1130 1756 moundae
1144 1694 1301 1754 aduentus

200 1819 220 1862 a
240 1795 421 1886 penultima
440 1815 508 1860 non
529 1793 724 1878 mtrahitur,
745 1803 784 1860 ut
796 1791 897 1860 Pind.
913 1789 970 1860 01.
992 1791 1022 1878 l,
1042 1791 1087 1862 13
1107 1786 1301 1874 ιιιιγόρος,

198 1895 343 1966 ΤΙιιοιι.
361 1895 424 1980 lv,
447 1897 522 1966 10⁹.
537 1898 612 1964 112.
629 1894 866 1982 lllnaipns'loo,
890 1893 1099 1976 δασυιιέριιος,
1122 1887 1303 1976 aauddpoe,

200 1998 260 2066 sed
279 1999 338 2066 ubi
357 1999 456 2083 lieet,
476 1999 513 2066 in
534 1999 780 2066 circumflexum
800 2004 958 2073 mutatur,
988 2003 1026 2064 ut
1044 1999 1142 2070 νᾶσος
1162 2015 1224 2085 pro
1244 1989 1305 2071 ιῆ-

202 2123 279 2178 oooe
298 2099 398 2168 Pind.
423 2100 479 2167 01.
503 2099 561 2184 11,
583 2099 637 2169 78.
688 2100 728 2166 lu
748 2096 957 2166 nominativis
977 2096 1091 2167 tertiae
1113 2093 1303 2164 declinatio·

202 2202 255 2270 nis
276 2203 383 2270 rarins
404 2212 546 2294 propter*
566 2200 698 2268 ultimae
726 2199 968 2291 eorreptionem
987 2208 1141 2268 secentas
1161 2207 1306 2268 mutatus

201 2305 385 2396 reperitur,
406 2313 444 2370 ut
464 2307 607 2391 πρᾶξις,
629 2308 735 2388 ιιμῆις
755 2327 816 2394 pao
836 2302 956 2386 τιμήεις
976 2301 1043 2370 vid.
1067 2302 1101 2385 §-
1116 2301 1157 2372 21
1179 2310 1249 2366 not.
1266 2301 1302 2370 2.

202 2405 326 2474 Contra
339 2406 376 2473 in
391 2405 535 2474 seeunda
549 2429 689 2498 persona
708 2407 745 2484 ἷῖς
765 2407 800 2474 in
821 2408 849 2483 ἓξ
868 2405 953 2474 etin
967 2403 1140 2474 infinitivis
1161 2403 1201 2474 55
1218 2404 1255 2470 iu
1276 2402 1305 2474 ἦ

202 2509 456 2602 aarripieutilsus
483 2533 614 2602 semper
633 2511 703 2576 lere
724 2509 804 2578 libri
825 2519 958 2576 sontum
979 2507 1015 2576 in
1035 2507 1217 2598 penultima
1236 2529 1305 2576 ser·

200 2623 298 2698 aaut,
335 2623 373 2678 ut
401 2615 547 2702 ovplodsp
565 2613 708 2680 Thaoer.
739 2613 776 2698 l,
798 2613 838 2698 3,
877 2612 998 2700 ἒρίσδει
1025 2610 1089 2697 lv,
1111 2611 1154 2696 8,
1186 2608 1307 2678 sotter

201 2711 250 2801 V,
274 2713 336 2799 1⁰,
356 2739 543 2808 quanquam
562 2713 750 2782 Meinalaius
772 2739 847 2782 enm
863 2713 1000 2782 Relatio
1021 2713 1139 2780 ι’νιῦδιι
1158 2711 1304 2804 scripsit.

201 2815 348 2882 Tantum
384 2817 421 2882 in
462 2817 639 2888 simillimis
676 2817 775 2884 relus
809 2817 916 2906 ipsam
942 2815 1117 2884 dialectum
1148 2815 1306 2900 missae,

204 2917 295 2984 aredi
316 2941 384 2984 non
406 2929 534 3008 potest,
557 2941 641 3009 qnae
662 2930 718 2984 ant
737 2918 875 2986 debebat
895 2939 1063 3010 nunqnam
1083 2929 1210 2986 mutare
1232 2941 1307 2982 aon·

202 3029 272 3084 tum
292 3018 513 3109 penultimae,
542 3029 598 3086 aut
619 3043 694 3086 eum
715 3031 885 3090 accentum
906 3045 1092 3108 assumere,
1130 3043 1229 3112 quem
1251 3043 1307 3086 oo·

204 3131 321 3210 gnatae
342 3121 465 3187 lormae
487 3122 522 3187 in
543 3121 659 3188 breves
681 3123 823 3213 syllabas
845 3135 1001 3190 exeuntes
1019 3123 1160 3208 habent,
1182 3131 1239 3188 ant
1253 3145 1307 3187 ae·

205 3233 336 3292 centnm
357 3223 402 3290 ita
424 3223 460 3290 in
481 3223 662 3314 penultima
682 3225 891 3314 relinquere,
923 3235 961 3292 nt
990 3225 1026 3292 in
1047 3225 1146 3314 longa
1168 3225 1307 3290 eircum-

202 3325 308 3392 fleaus
328 3325 443 3408 fieret,
473 3325 656 3392 sedunum
678 3350 720 3392 ex
739 3327 792 3392 laia
814 3351 889 3392 eum
912 3328 1105 3394 constantia.
1160 3326 1307 3394 Libraaii

203 3438 312 3494 autem
333 3427 421 3493 inter
440 3421 603 3495 tras'illas
623 3429 764 3496 rationes
786 3429 904 3496 incerti
925 3431 1125 3496 llnetnarnnt
1145 3439 1178 3496 et
1201 3428 1235 3493 id
1247 3451 1307 3517 po·

203 3530 368 3597 tissimum
396 3529 571 3596 eonsilium
600 3531 731 3622 sequuti
758 3543 856 3618 sunt,
899 3531 988 3624 qnod
1015 3532 1148 3623 probari
1176 3530 1306 3620 nequit,

205 3641 243 3698 ut
263 3631 397 3697 ultimae
419 3631 581 3722 correptio
604 3645 784 3724 appareret.
842 3635 975 3724 ltaque,
997 3633 1055 3700 uhi
1075 3635 1191 3700 breves
1211 3655 1308 3699 voea-

205 3733 255 3800 lea
277 3733 312 3800 in
333 3733 448 3800 ultima
470 3745 580 3818 erant,
603 3735 770 3825 vulgarem
791 3747 958 3803 accentum
974 3735 1115 3802 retinere
1130 3735 1307 3822 malebant,

205 3845 242 3899 ut
264 3835 399 3920 aipns'loc
409 3885 420 3914 ,
445 3835 582 3921 treton,
606 3841 767 3924 συρίσδις,
797 3861 871 3904 nam
893 3839 1122 3906 cireumlleaus
1144 3837 1179 3904 in
1200 3842 1310 3920 τιμῆις

203 3937 341 4004 fortasse
363 3937 513 4004 Bellero
535 3937 652 4005 editori
674 3936 810 4006 debetur
837 3950 870 4006 et
898 3964 959 4032 pro
988 3945 1087 4017 νᾶσος
1114 3939 1202 4032 apud
1222 3939 1309 4006 Pin-

203 4039 317 4104 darum
349 4040 385 4104 in
415 4039 501 4105 bono
523 4039 609 4106 libro
630 4051 681 4108 est
702 4041 810 4118 νάσος.
862 4041 1007 4128 Contra,
1042 4044 1099 4110 ulai
1127 4044 1162 4112 in
1192 4041 1309 4110 ultima

204 4155 255 4208 est
274 4165 394 4232 aueepa
417 4167 457 4226 u,
493 4154 662 4208 accentum
682 4154 829 4228 mutant,
862 4145 1000 4210 maxime
1021 4143 1056 4210 in
1078 4145 1183 4234 prima
1206 4143 1307 4212 deeli-

203 4243 345 4310 uatione.
420 4241 495 4310 Jam
527 4267 611 4334 quae
643 4245 747 4338 ipsius
779 4245 915 4314 Doridis
945 4247 982 4313 in
1016 4245 1069 4314 lris
1102 4247 1308 4316 eonsuetudo
