2862 4770
305 345 336 440 §-
360 349 420 428 33.
474 351 531 424 De
555 348 704 446 reliquia
730 349 1017 458 pronominibus.
1139 353 1211 433 271

116 579 224 638 mam,
260 579 358 645 qnam
386 555 587 643 grammatici
608 553 757 622 Doribua
784 555 1030 624 inuniveraam
1054 561 1215 648 tribuunt,

116 657 295 726 auveriuria
316 669 403 724 certe
426 656 563 724 Doridis
586 657 689 724 luiase
711 665 834 726 certum
857 670 917 730 cat.
962 661 1046 728 Num
1061 665 1215 732 Alcmaui

117 761 158 826 ir.
182 759 226 828 64
247 759 339 840 (66),
366 784 553 850 quanquam
576 772 608 826 et
628 759 800 850 Apollonii
821 763 923 828 culix
945 775 984 828 ct·
999 764 1215 854 llcpbaeatio-

116 862 169 928 nia
192 887 226 952 p.
251 861 370 928 3libri
393 865 492 937 ιιεῐιος
515 862 690 944 exhibent,
719 863 798 949 jure
829 869 924 942 κῆιος
952 866 1114 934 redditum
1140 893 1214 936 ease

116 965 267 1046 videtur,
290 965 368 1056 quia
387 964 588 1054 Apollonius
611 965 692 1046 (vid.
718 978 785 1032 unt.
808 964 846 1052 4)
868 979 944 1055 pout
963 971 1054 1044 τῆνος
1076 993 1214 1038 commc-

116 1079 273 1132 muratum
303 1067 430 1156 pergit:
472 1069 610 1142 σπανίοις
632 1065 684 1130 διὰ
707 1072 761 1132 τοῦ
784 1068 823 1145 i,
858 1079 891 1134 ct
918 1069 1003 1136 idem
1026 1070 1062 1139 iu
1084 1072 1213 1140 Cretica

12 1179 14 1186 '
115 1169 256 1236 tlialectu
289 1171 392 1237 initae
424 1182 558 1259 apparet
589 1193 607 1234 e
641 1169 765 1258 glossis
795 1169 1015 1259 lleaychirnis
1043 1173 1215 1256 κηρούιι

115 1269 200 1360 (leg.
214 1267 354 1358 ιιηνούει)
370 1274 450 1335 ἐκεῖ·
472 1275 651 1355 Κρῆτες-
666 1297 684 1334 ιι
694 1271 842 1349 ηνούει,
868 1275 932 1336 ἐκεῖ
943 1313 985 1324 -
999 1252 1113 1353 nurui,
1138 1277 1211 1343 ἐκεῖ.

115 1374 256 1440 Accedit
265 1374 449 1441 Lesbiacae
471 1373 602 1444 dialecti
622 1375 782 1462 analogia.
812 1375 919 1442 Valde
942 1389 1053 1456 contra
1077 1379 1214 1446 dubium

116 1487 186 1558 eet,
222 1489 353 1542 rectene
376 1477 462 1542 idem
486 1480 585 1553 κῆιος
605 1476 728 1544 mitiori
749 1476 870 1544 Doridi
900 1479 1076 1562 tribuatur,
1111 1505 1213 1570 quan·

115 1601 212 1668 quam
244 1579 279 1644 iu
300 1577 715 1660 Ann.0n.1‚tt9‚t
748 1577 830 1665 (vicl.
855 1594 922 1646 unt.
946 1581 981 1662 6)
1014 1581 1214 1671 Syracusani

114 1684 212 1758 ιιῆνος
243 1691 275 1746 et
305 1686 397 1759 τῆνος
426 1680 551 1746 dixiaan
578 1681 767 1749 referuntur
798 1679 873 1761 (ubi
906 1707 972 1749 uon
1003 1683 1082 1750 licet
1112 1683 1213 1761 κεῖνος

114 1781 281 1865 acribcrc‚
304 1784 382 1872 qnia
404 1781 571 1848 c·Dnricia
595 1782 709 1850 lcruria
728 1783 987 1868 demonstratur,
1010 1788 1112 1877 uulgo
1135 1789 1213 1854 ἐκεῖ·

12 1887 14 1904 ’
114 1909 169 1958 νος
192 1884 400 1950 acribandum
433 1907 525 1960 ease,
560 1885 628 1949 unu'
655 1885 781 1968 εἰιῐοος).
837 1887 921 1954 Nam
951 1899 984 1954 et
1010 1889 1212 1978 reliquorum

12 1981 14 1994 ’
112 1985 285 2075 ¹analogia,
308 1987 349 2052 de
372 1985 494 2077 quibus
517 1986 731 2076 erpnauimus
751 2011 848 2078 supra
871 1989 980 2072 §.20‚
1003 1991 1125 2058 mitiori
1143 1993 1212 2060 Du·
1270 1985 1274 1992 ’

113 2087 179 2152 ridi
196 2089 296 2163 κεῖνος
317 2089 454 2156 cnnccdi
471 2089 587 2176 jubet,
611 2089 711 2179 idque
727 2092 836 2179 ipsum
853 2091 1008 2160 traditum
1024 2105 1075 2160 est
1089 2093 1209 2183 llpicb.

112 2191 156 2258 94
189 2200 223 2254 ct
250 2190 372 2280 ubique
400 2193 486 2281 apud
507 2191 687 2258 Pindarum
721 2193 802 2270 (vicl.
827 2193 970 2260 Bneclab.
994 2195 1085 2261 Nott.
1111 2197 1209 2262 Criu.

114 2317 147 2382 p.
174 2291 273 2373 366),
307 2293 404 2380 cujua
433 2295 609 2360 auctoritas
637 2295 697 2360 bac
725 2295 760 2365 iu
789 2321 825 2362 re
853 2319 919 2365 nun
942 2298 1126 2386 spernenda
1148 2312 1208 2366 cet.

114 2392 225 2477 Quum
249 2394 337 2460 enim
361 2419 468 2486 neque
490 2397 614 2485 epicam
637 2397 814 2464 dialectum
837 2411 995 2488 sequutus
1027 2400 1091 2482 ait,
1127 2423 1210 2492 qnae

114 2499 230 2570 ἐκεῖνος
258 2508 290 2564 ct
320 2499 423 2572 urinae
453 2499 639 2587 promiscue
672 2501 819 2589 profert,
863 2523 970 2590 neque
1001 2500 1211 2588 luchiacum,

114 2623 198 2690 qnae
231 2603 344 2677 ιιῆιος,
379 2599 520 2666 mitioris
541 2601 678 2674 Doridis
705 2601 975 2668 consuetudinem
1008 2604 1211 2692 expressisse

113 2701 252 2766 videtur.
299 2702 413 2792 ltaque
437 2703 470 2768 iu
488 2703 690 2791 grammatici
710 2701 898 2770 tuatimuuiu
918 2703 978 2770 illo
993 2705 1211 2794 corruptelam

114 2803 257 2894 aliquam
277 2805 380 2870 latere
401 2805 597 2870 arbitramur
617 2817 650 2870 et
670 2805 906 2874 reatitucndum
940 2829 1014 2872 erae
1042 2817 1099 2874 aut
1118 2811 1210 2886 τῆνος

112 2905 173 2992 yalp
194 2905 228 2973 τὰ
251 2910 352 2981 κεῖνος
380 2907 595 2992 Συρακούσιοι
624 2919 701 2984 aut,
745 2907 782 2977 id
812 2909 900 2998 quud
929 2911 1033 2976 altero
1063 2910 1210 2997 ejusdem
1348 2951 1350 2956 ·

114 3008 193 3074 libri
215 3009 289 3077 luco
319 3032 352 3098 p.
376 3011 459 3093 223,
483 3009 525 3076 30
551 3007 636 3094 (vid.
659 3022 727 3076 not.
751 3012 787 3091 4)
819 3013 1081 3078 commendatum
1117 3017 1210 3090 τῆνος

112 3109 173 3195 ycip
203 3111 419 3192 Συρακούσιοι
446 3115 500 3176 καῖ
530 3115 625 3190 ariane
647 3114 784 3188 Αἰολεῖς.
839 3113 941 3204 Apud
974 3113 1208 3204 Epicharmum

115 3213 157 3278 ir.
181 3211 243 3296 48,
272 3214 329 3280 ubi
352 3214 430 3280 boui
452 3214 530 3280 libri
554 3217 689 3294 ιιηννον,
723 3217 757 3280 in
778 3216 853 3282 lucu
874 3217 1120 3306 curruptiaeimu
1143 3217 1208 3284 iur-

112 3325 200 3382 taaae
231 3339 292 3382 nec
325 3322 419 3396 κῆνοι
450 3319 515 3382 nec*
545 3320 644 3384 κεῖνον
677 3341 789 3384 verum
822 3330 882 3384 cet.
940 3318 1093 3386 Ceterum
1126 3322 1208 3386 κεῖνο
1249 3309 1259 3332 “

114 3417 235 3507 Epiclr.
253 3419 307 3498 94,
328 3419 369 3487 12
390 3421 425 3486 in
446 3423 520 3497 τῆνο
539 3419 658 3488 mutari
679 3441 721 3486 uc
744 3443 862 3488 acuam
884 3419 1016 3510 quidem
1037 3419 1206 3509 permittit,

113 3543 213 3610 quum
236 3545 312 3586 vere
333 3521 545 3612 longinquam
567 3521 875 3613 demonstrationem
897 3523 1034 3588 babeat=
1079 3523 1206 3608 illud,

112 3622 224 3712 qnod
246 3635 366 3688 antea
387 3624 484 3688 tuit.
542 3618 569 3687 E
594 3623 763 3688 Theocriti
785 3623 986 3714 carminibus
1008 3625 1115 3715 magis
1135 3625 1208 3692 Du-

112 3723 193 3790 ricis
215 3727 315 3800 ιιιῒοος
338 3749 425 3790 nuuc
449 3728 642 3816 prupulanm
664 3735 733 3808 eet,
770 3725 811 3791 ‹le
832 3750 895 3815 qua
917 3749 952 3792 re
975 3725 1040 3794 alic
1060 3739 1207 3818 tempure

113 3824 272 3892 dicemur.
318 3827 391 3895 lluc
413 3827 555 3892 libenter
570 3828 799 3912 concedimur,
822 3829 984 3920 frequenti
1000 3829 1207 3920 pronominis

113 3927 312 4016 rivocapucl
336 3927 467 3996 Sicnlna
483 3929 694 4020 potissimum
718 3955 779 3996 nnn
810 3931 1044 4016 scemurense,
1078 3943 1114 3997 ut
1140 3935 1207 3998 «ai-

112 4053 185 4105 νος,
231 4029 329 4116 cujus
358 4031 393 4096 iu
421 4031 529 4096 lucum
562 4032 647 4098 band
673 4056 746 4096 raro
777 4031 859 4100 illud
890 4033 1045 4100 aubatitui
1067 4043 1206 4123 poterat,

112 4131 351 4223 quodammodo
381 4132 612 4205 nbaulaacerct.
666 4133 718 4200 Ex
739 4135 849 4204 Attica
881 4135 1020 4207 dialecto
1041 4146 1207 4226 cumptum

112 4231 241 4299 uidetur
261 4233 348 4309 τοῦτ’
370 4237 470 4300 ἐκεῖνο
491 4237 637 4302 Acheru.
661 4235 736 4304 786.
