2862 4770
282 354 314 446 §.
341 357 403 436 35.
455 361 512 436 De
537 365 779 459 systematum
805 361 1036 443 formatione.
1130 367 1209 448 289

118 571 271 647 cunstat,
294 573 331 630 nt
351 575 427 655 post
447 535 592 656 liquidas
614 589 629 632 e
649 567 869 649 insereretur,
893 569 1011 640 deinde
1034 599 1054 640 σ
1074 576 1211 661 ejicere-

117 675 192 747 tu,
228 677 266 730 ut
287 689 306 730 e
327 669 460 732 τίν-σαι
480 669 611 747 τινέσω,
647 671 761 748 teuto,
789 677 877 738 τισῶ.
931 673 1062 742 damin
1085 677 1210 745 Doride

87 759 90 772 '
115 789 220 857 qnnm
240 767 306 833 dno
327 791 343 832 ε
363 782 614 854 concurrerent,
636 772 774 838 alterum
789 773 928 861 ejectum
942 789 1012 863 est3
1035 780 1236 870 vestigium.

115 878 226 934 tamen
249 868 324 956 ejus
346 869 381 935 in
404 871 677 940 Heracleensium
698 875 837 942 dialecto
859 877 1128 968 deprehenditur,
1152 881 1212 972 qui

115 971 218 1060 primi
238 971 343 1038 iutnri
363 972 491 1040 tertiam
512 975 673 1064 pluralem
695 975 814 1044 oioo'eua
834 978 974 1064 hahent,
998 981 1134 1048 secundi
1157 982 1213 1067 oir-

114 1075 264 1158 ystiom‚
287 1097 394 1164 neque
416 1075 554 1142 lortasse
575 1079 671 1146 aliter
691 1079 918 1171 explicandum
940 1091 1011 1166 est,
1035 1084 1124 1174 quod
1145 1084 1212 1174 Ly·

118 1173 211 1241 aisis.
235 1176 298 1243 183
320 1174 483 1258 &nodosos
504 1189 554 1244 est
573 1202 635 1270 pro
658 1177 840 1263 ὀμούμεθα,
870 1205 938 1250 nou
960 1182 1126 1268 ὀμιόμεθα.

202 1277 325 1344 Futura
346 1279 472 1369 passivi
493 1282 526 1346 h.
543 1304 573 1346 e.
597 1281 656 1348 illa
678 1282 809 1366 lutura,
830 1305 915 1373 quae
936 1285 1124 1360 ahsoristis
1139 1311 1211 1377 pas·

118 1377 183 1444 sivi
205 1377 413 1464 deriventur,
448 1381 483 1448 in
505 1381 631 1450 Doride
661 1406 736 1452 cnm
757 1385 841 1476 ipsis
861 1385 992 1453 aoriatis
1014 1389 1212 1456 terminatio·

116 1503 179 1546 nes
201 1479 382 1567 objectivas
403 1483 559 1552 hahuisse
580 1485 747 1552 videntur.
780 1487 927 1554 Primum
950 1489 984 1553 iu
1000 1488 1102 1556 Ther.
1114 1491 1210 1558 2448.

117 1582 156 1665 l,
184 1581 227 1650 25
256 1582 410 1650 traditum
445 1597 495 1652 est
527 1591 797 1674 σαταχθησοῦιτι,
841 1591 930 1680 quod
955 1589 1144 1658 Boeohhius
1176 1593 1212 1658 iu

119 1689 391 1769 σσιαχθησσῦσται
424 1689 584 1774 mutavit3
629 1689 749 1757 deinde
781 1692 817 1758 iu
844 1694 998 1784 Astypal.
1031 1693 1138 1772 2483,
1172 1691 1214 1760 25

117 1787 366 1869 ἒιτιμεληθη..ιι
403 1791 506 1858 multu
548 1791 680 1860 facilins
718 1793 754 1858 in
785 1795 1009 1876 διττμιληθησιῖ
1036 1796 1213 1862 mutaveris

115 1905 217 1979 quam
237 1912 311 1956 cum
333 1889 500 1958 Boechhio
522 1893 558 1958 in
580 1893 841 1977 ἕπιμτληθῆσιται
867 1908 924 1962 atat
948 1895 1060 1985 polius
1089 1898 1124 1962 in
1146 1899 1214 1961 ε’ττι-

116 1994 359 2078 possesorem
381 2003 449 2058 tum
460 1993 621 2060 Doricum
636 1996 771 2074 ωάτσιθή
777 2021 822 2064 σοι
837 2019 896 2087 pro
915 1995 1101 2080 ἀκούσομαι,
1125 1999 1212 2088 quod

115 2093 274 2173 Photins,
297 2094 439 2174 Suidas,
462 2095 651 2187 Hesychius
672 2099 830 2184 afferunt,
862 2099 949 2166 hund
970 2101 1068 2167 duhie
1089 2111 1140 2166 est
1161 2103 1213 2166 in·

115 2208 226 2262 turum
245 2197 388 2286 primum
411 2198 535 2288 peucini
557 2223 576 2264 ι
595 2199 696 2267 verho
717 2201 858 2292 quodam
881 2200 1001 2269 σδατόω
1024 2203 1108 2268 male
1130 2201 1215 2284 illud

116 2321 137 2364 a
157 2299 256 2366 variis
279 2297 384 2366 doctis
406 2299 440 2364 in
465 2297 699 2383 ωἀτωθὴσσμαι
712 2312 868 2370 mutatum
885 2303 952 2370 vid.
969 2303 1001 2386 ξ.
1021 2305 1074 2386 31,
1097 2316 1165 2370 not.
1178 2306 1212 2372 9.

116 2399 289 2467 Postremo
300 2401 387 2491 apud
398 2401 628 2468 Archimedem
637 2405 741 2470 Aren.
757 2429 791 2494 p.
804 2406 865 2472 331
882 2416 932 2472 est
947 2404 1108 2488 φαιήσιιτ,
1126 2407 1216 2494 qood

116 2499 308 2568 Loheckius
329 2502 371 2567 ad
385 2501 509 2568 Buttm.
524 2505 668 2571 Gromm.
692 2505 726 2570 ll
747 2529 782 2594 p.
795 2506 856 2572 311
880 2529 899 2570 e
921 2505 1123 2588 φανήσεσθαι
1144 2529 1214 2572 cor·

116 2614 250 2693 ruptum
271 2627 345 2672 esse
367 2603 573 2694 suspicatur,
595 2606 683 2672 etde
699 2605 837 2672 Concid.
862 2630 897 2696 p.
912 2607 976 2674 277
998 2609 1215 2690 δειχθησοδντι

119 2705 210 2786 (eod.
240 2705 316 2772 Par.
347 2706 376 2772 B
406 2709 663 2792 διιχθησσῦνται,
698 2705 737 2773 C.
767 2707 812 2772 1).
843 2708 929 2774 Vsu.
965 2705 1212 2793 δειχθήσονται),

119 2807 208 2874 idem
229 2831 263 2898 p.
280 2807 345 2875 278
366 2807 421 2889 (B.
446 2811 714 2896 διιχθησσῦνται),
735 2819 833 2900 etque
856 2811 960 2875 Aren.
983 2833 1017 2899 p.
1035 2809 1098 2876 32⁰
1119 2809 1215 2896 Basi-

23 2941 28 2954 ·
116 2909 243 2978 leeusis
271 2909 370 2976 lectio
401 2911 553 2997 διιχθτῖσι
582 2923 616 2978 et
643 2913 828 2997 δειχθτισσῖτ
858 2911 893 2978 iu
917 2911 993 2976 Par.
1017 2912 1048 2975 A
1072 2935 1132 3001 pro
1154 2914 1217 2976 διι-

116 3011 303 3098 χθήσισθαι
325 3013 463 3080 fortasse
478 3013 657 3102 genuinam
677 3013 852 3080 lectionem
870 3015 1048 3099 δτιχθησιῒτ
1060 3014 1214 3102 produnt.

118 3113 185 3180 llis
197 3113 358 3205 exemplis
370 3116 517 3206 exceptis
531 3115 856 3207 apudArehimcdem
873 3139 911 3182 es
925 3117 1033 3182 fotura
1051 3139 1218 3204 nunquam

119 3225 285 3282 eontracta
312 3217 521 3306 reperiuntur
548 3241 656 3308 neque
684 3217 721 3282 in
749 3217 950 3284 editionibus
978 3239 1084 3306 neque
1107 3217 1142 3281 in
1163 3239 1216 3282 co·

120 3317 230 3384 dicum
252 3318 340 3384 veria
361 3319 522 3405 lectione,
566 3321 625 3388 sed
654 3319 781 3411 nhique
809 3320 962 3408 vulgares
994 3319 1138 3402 formae,
1184 3329 1220 3382 nt

121 3417 323 3505 δειχθήσεται
345 3419 385 3487 ds
407 3421 502 3489 Plsu.
525 3421 614 3513 Aeq.
637 3447 672 3513 p.
695 3421 736 3504 6,
760 3420 799 3487 de
821 3420 946 3504 Quadr.
971 3417 1087 3484 Pursh.
1112 3442 1146 3508 p.
1163 3418 1216 3486 22.

119 3521 456 3611 statuminetur,
481 3522 700 3610 διιχθήσσνται
722 3522 763 3589 de
786 3521 868 3588 Con.
892 3547 926 3612 p.
948 3519 1030 3606 276,
1055 3517 1214 3604 διαιρεθή-

122 3647 211 3690 σεται
237 3623 278 3690 dc
306 3623 401 3690 Plan.
424 3624 511 3713 Aeq.
544 3647 578 3712 p.
601 3625 642 3709 8,
676 3623 877 3706 λασθήσιται
904 3634 937 3690 et
965 3621 1221 3706 suspendiorum

121 3725 164 3792 de
186 3725 313 3808 Quadr.
333 3725 452 3790 Parth.
478 3727 586 3815 pst,
607 3726 827 3808 τμαθὴσσνται
850 3725 891 3792 dc
904 3721 999 3790 Pls'n.
1020 3725 1107 3814 Acq.
1131 3748 1164 3814 p.
1178 3722 1221 3789 36

121 3839 185 3896 etc.
218 3840 281 3894 eto.
336 3825 409 3892 Jam
430 3849 507 3892 vcro
529 3851 629 3918 quum
655 3828 690 3894 in
712 3827 849 3918 reliquie
872 3827 992 3892 futuris
1014 3850 1087 3893 raro
1110 3827 1222 3912 vulga·

121 3953 176 3996 res
198 3927 322 3994 iormse
350 3951 410 4018 pro
431 3927 567 3995 Doricis
595 3929 769 4020 legantur,
802 3931 985 3994 futurorum
1016 3927 1221 4018 passivorum

122 4031 322 4120 peculiarem
344 4029 507 4121 quandam
530 4031 687 4098 rationem
711 4054 784 4098 esse
805 4043 948 4122 spparet.
1003 4031 1073 4096 Aut
1094 4028 1222 4096 librarii

123 4131 357 4200 insolentiores
378 4132 500 4198 iormas
521 4131 662 4200 Doricas
684 4157 757 4200 cnm
778 4131 1065 4200 terminationibus
1087 4127 1225 4215 objecti·

123 4231 174 4300 tis
195 4234 230 4300 iu
253 4235 405 4322 vulgares
427 4243 618 4320 muniunt,
639 4245 695 4302 aut
715 4237 788 4328 ipss
803 4235 1019 4304 Archimedes
1042 4234 1226 4298 interorum

180 4361 228 4428 ιι.
950 4423 958 4446 s
993 4361 1034 4430 is

943 4555 965 4690 ἱ
1096 4555 1099 4564 ,
