2784 4768
323 303 357 398 e.
386 295 446 382 ao.
496 305 553 378 ne
579 301 832 406 conjugatione
857 303 895 380 n
917 299 961 403 ,ιι
1016 257 1022 272 ’
1077 363 1084 376 1
1117 305 1190 382 ne

88 509 177 576 inde
197 509 288 600 apud
310 507 433 600 Sappb.
460 509 500 591 1,
522 507 563 574 19
590 507 658 584 ieie
679 531 698 574 e
720 493 861 576 Seidlcri
891 509 1079 598 conjectura
1100 507 1190 581 dedi·

86 637 167 680 mus
188 636 251 704 pro
274 639 367 696 μαις,
389 611 412 674 i.
436 633 466 676 e.
490 605 610 676 Dorice
632 613 703 698 λῇς,
734 609 851 678 deinde
873 613 914 678 fr.
937 613 980 679 93
1003 612 1111 688 imane
1130 634 1191 700 pro

88 713 191 794 ὀπτᾷς
221 725 255 778 et
276 737 335 802 pro
358 712 491 795 δάμνησι
511 711 587 778 Alc.
610 711 671 794 72,
708 714 797 802 qnod
828 713 884 780 alii
912 713 1007 780 metri
1030 737 1128 780 causa
1154 711 1191 778 in

89 817 193 898 δόμιη
218 826 446 898 correxerant,
477 813 599 896 δάμιαι.
623 851 664 866 -·
707 811 790 879 Nam
819 817 1020 906 ffrmumntici
1050 812 1131 904 (not.
1155 811 1191 900 9)

88 919 246 1010 exempla
269 925 374 996 ἵστης,
398 924 468 994 ἵστη
489 915 613 992 nullam
635 915 856 984 arroteritatem
876 917 1009 988 babent.

179 1019 260 1086 Nou
283 1021 391 1086 minns
408 1043 426 1084 a
440 1015 550 1084 verbis
572 1016 606 1081 in
625 1016 687 1102 &ji
698 1017 870 1086 Aeolicum
885 1021 1023 1088 traditur
1039 1019 1191 1106 eiecerit),

88 1121 257 1212 leguntur
291 1121 419 1208 χαύνοις
447 1119 525 1186 Alc.
555 1119 620 1198 42,
666 1117 816 1202 στεφάναι
849 1120 885 1188 in
918 1123 1013 1192 Cum.
1047 1123 1099 1192 32.
1135 1124 1190 1208 47,

90 1223 235 1312 hmps.
267 1225 316 1292 18.
349 1225 403 1290 Q.
425 1259 467 1272 -
520 1219 608 1286 Male
640 1243 676 1286 se
703 1219 824 1288 babent
854 1225 1055 1313 grammatici
1087 1223 1191 1304 didere,

94 1327 171 1390 didon
188 1327 238 1402 ⁹).

180 1427 367 1492 Verborum
390 1427 516 1516 ἱιιῇῖι,
549 1428 578 1496 si
600 1425 733 1494 eandem
755 1425 937 1516 analogiam
960 1444 1110 1518 servant,
1142 1465 1193 1508 se-

94 1529 205 1594 cunda
229 1541 262 1594 ot
282 1531 375 1596 tertia
396 1555 536 1621 persona
557 1533 593 1597 iu
616 1528 661 1600 ἶιῖ
681 1538 714 1594 et
738 1530 769 1594 Ξῖ
791 1543 932 1618 exeunt,
964 1559 1073 1628 neque
1100 1543 1196 1610 aliter

93 1631 193 1696 tertia
216 1631 285 1722 legi
308 1633 411 1716 sciet,
442 1645 478 1700 nt
498 1637 580 1719 oiim
601 1633 637 1700 S.
661 1635 702 1710 1,
724 1632 787 1716 22,
814 1631 905 1721 ,ἄγρει
929 1632 966 1702 8.
988 1640 1030 1724 2,
1054 1643 1094 1708 14
1115 1653 1193 1728 ete„

94 1733 165 1800 uisi
181 1734 272 1824 qnod
293 1734 370 1800 libri
390 1736 634 1804 circumflexum
655 1735 822 1825 praebent.
866 1735 1067 1808 Adversatur
1087 1755 1194 1812 tamen

93 1835 323 1926 Apollonius,
354 1839 530 1904 secundam
550 1861 722 1930 personam
749 1859 893 1926 unquam
916 1841 1001 1928 apnd
1022 1843 1145 1912 Aeoles
1166 1840 1197 1910 Γ

95 1939 221 2006 babere
247 1961 395 2028 negans,
429 1950 462 2005 ct
489 1941 526 2006 in
553 1939 650 2006 libris
678 1951 755 2006 sunt
780 1943 922 2021 φίλησθα
944 1940 979 2006 S.
1003 1944 1063 2028 89,
1096 1955 1196 2040 premio

96 2041 328 2124 Theonoen,
352 2041 393 2108 15
426 2053 458 2110 et
484 2047 571 2129 φορῇ
597 2041 680 2108 ibid.
703 2065 736 2107 v.
758 2043 801 2108 29
830 2041 865 2106 ἰιι
895 2067 962 2112 uuo
992 2047 1105 2114 codice
1137 2075 1197 2142 pro

100 2146 215 2228 φορεῖ,
245 2167 320 2208 nam
341 2142 621 2232 grammaticorum
642 2147 753 2228 τίθης,
780 2146 852 2222 τίθη
869 2148 901 2226 9)
923 2158 955 2214 ct
976 2149 1063 2227 οἵδης
1084 2151 1126 2218 ab
1150 2156 1197 2220 οἵ.

100 2251 175 2328 δημι
189 2243 225 2334 ⁴)
256 2269 321 2312 uon
342 2246 481 2312 multum
504 2246 705 2314 auctoritatis
727 2244 848 2310 babent
871 2251 929 2327 ¹¹).
988 2249 1036 2316 At
1056 2253 1197 2344 Apollo-

100 2351 194 2416 nium
217 2372 285 2416 uon
306 2358 393 2414 recte
416 2347 456 2415 de
479 2349 622 2415 secunda
642 2347 815 2413 verborum
836 2348 870 2413 in
895 2351 919 2412 ὦ
939 2337 1079 2440 persona
1106 2357 1197 2444 judi.

100 2477 219 2534 casse,
250 2475 348 2541 supra
377 2449 596 2517 demonstrare
626 2449 810 2515 studuimus
841 2443 885 2536 (ἓ.
911 2451 969 2535 14,
993 2450 1048 2540 4),
1086 2481 1196 2548 noque

99 2557 156 2622 bic
186 2555 208 2632 ἦ
239 2577 301 2644 pro
330 2553 361 2618 ii
389 2552 498 2618 verius
520 2551 693 2618 Aeolicum
717 2549 884 2634 judicari,
915 2554 1067 2644 analogia
1089 2557 1194 2626 docet.

101 2657 187 2724 Nam
210 2659 327 2734 ridete,
350 2662 468 2734 ἵσταις,
493 2656 590 2729 δ1διιις
611 2675 652 2718 cx
672 2649 911 2739 antiquissimis
932 2654 1048 2722 dormis
1073 2662 1194 2741 τίθησι,

102 2771 230 2844 toraca,
265 2761 374 2822 δίδωσι
401 2757 465 2823 iota
494 2754 691 2846 transposito
719 2763 793 2817 nata
823 2765 918 2839 sunt,
949 2781 1056 2849 ucqnc
1088 2763 1197 2830 minus

101 2869 205 2942 τίθει,
234 2868 336 2939 ierat,
368 2862 447 2924 δίδοι
469 2883 509 2925 cx
530 2855 771 2948 antiquissimis
792 2858 913 2944 τίδητι,
936 2865 1055 2942 iorem,
1079 2867 1195 2950 δι’δωτι,

104 2965 173 3032 nisi
189 2962 278 3053 qnod
292 2963 371 3028 baec
391 2967 410 3024 τ’
434 2961 532 3028 firralc
554 2959 752 3048 objecerunt.
776 2957 842 3024 vid.
865 2985 948 3049 quae
970 2963 1198 3034 advocavimus

102 3067 135 3156 S.
161 3067 221 3150 14,
245 3066 277 3130 4.
323 3065 433 3147 Quare
456 3088 522 3128 non
544 3060 765 3128 dubitavimus
788 3063 935 3144 φίλιισθιι
957 3065 1140 3134 restituero.

193 3165 229 3256 6)
252 3169 291 3233 lu
316 3165 433 3231 drrali
456 3164 627 3232 Aeolicum
649 3161 768 3228 dicitnr
788 3165 915 3241 ποίητον
937 3162 1004 3253 ¹²),
1023 3168 1112 3253 justa
1134 3173 1198 3237 ior·

103 3297 168 3356 rna,
194 3293 381 3362 qnanqnmn
403 3267 564 3334 Aeolibus
587 3265 694 3330 dualis
716 3263 928 3348 abjudicatur.
944 3305 987 3318 -
1029 3269 1200 3338 'l'crtinc

105 3373 293 3466 pinralis
322 3369 580 3435 terminationem
602 3367 648 3438 ἰα-ι
666 3391 707 3431 cx
729 3369 772 3435 ἶῖ.
797 3377 904 3435 natam
925 3393 998 3436 esse
1025 3395 1121 3462 snpra
1144 3375 1200 3441 do·

105 3477 236 3545 enimus
258 3469 310 3562 (ξ.
336 3473 397 3556 10,
419 3472 481 3556 5),
510 3473 607 3560 cujus
629 3471 777 3560 exempla
800 3482 876 3538 sunt
896 3479 970 3537 iram
991 3471 1027 3540 S.
1050 3475 1090 3560 9,
1114 3477 1200 3560 ἐπιρί-

107 3581 253 3666 stigmam
274 3575 310 3644 S.
335 3579 355 3641 2
376 3599 408 3642 v.
433 3575 470 3642 11
494 3569 527 3658 (a
550 3567 687 3660 ῥόμβημι
707 3598 766 3664 pro
788 3574 942 3660 ρομβέω),
966 3577 1068 3662 φαῖσι,
1094 3579 1201 3664 diome-

111 3755 368 3768 ...,..---ι--..

142 3886 188 3950 11)
224 3879 293 3951 ιρι),
320 3881 394 3948 qnod
421 3879 524 3949 tegitur
544 3881 603 3936 dic.
620 3883 647 3937 4.
666 3877 715 3950 29,
740 3880 769 3938 8.
788 3885 837 3952 33,
861 3899 917 3938 non
944 3899 1005 3940 esse
1030 3889 1065 3942 ab
1091 3892 1201 3962 origine

108 3990 240 4054 verbnm,
259 3984 307 4039 sed
328 3999 445 4054 nomen,
464 3985 606 4040 docuimus
623 3985 651 4041 in
671 3985 738 4044 diss.
757 3985 793 4040 de
811 3989 882 4056 conj.
901 3988 929 4040 in
944 3973 980 4058 F.
998 4007 1025 4060 p.
1045 3995 1085 4048 17.

143 4114 188 4178 12)
226 4097 334 4235 1111191.
357 4107 408 4176 23,
429 4108 469 4162 12.
494 4105 567 4180 nopai
595 4101 736 4164 Aioiaimv
760 4103 845 4180 ἄητον
871 4109 969 4177 (Hom.
995 4111 1029 4206 11.
1052 4135 1080 4183 ι,
1104 4119 1138 4176 5)
1164 4111 1200 4170 ὥς
1326 4083 1333 4096 ⁰

106 4203 230 4270 noiqrov.
