2844 4770
947 1529 982 1572 ,³-

109 1681 440 1855 onoono
499 1685 992 1812 nnorromuuo
1052 1685 1205 1794 suo

562 1923 602 1998 S.
633 1927 676 1998 P.
706 1925 752 1998 Ι).

185 2131 493 2228 flnourcos
523 2079 848 2230 Lonorius
877 2137 1132 2234 aunnoo

111 2599 254 2702 Primo
278 2627 392 2727 lrnjna
413 2629 533 2726 operia
560 2625 655 2701 libro
680 2639 835 2728 qnatnor
860 2627 992 2704 abhinc
1012 2632 1118 2704 annia
1144 2631 1207 2706 ab·

112 2733 233 2806 aolnto
258 2755 358 2828 apem
384 2754 617 2829 conceperam
644 2729 724 2804 fieri
750 2755 876 2829 ponae,
906 2744 948 2806 nt
966 2731 1207 2809 CaroloOrlo·

113 2833 217 2908 fredo
238 2832 437 2926 Muellero,
482 2835 545 2933 qni
573 2859 616 2908 eo
641 2834 721 2932 ipro
746 2845 906 2931 tempore
932 2835 1110 2910 Graecum
1137 2841 1208 2912 iter
1232 2877 1265 2892 -=

113 2935 282 3036 parabat,
321 2935 495 3010 ineolumi
520 2947 556 3008 et
584 2935 834 3010 lnoneetiaaima
858 2937 989 3035 praeda
1016 2951 1148 3014 onnato
1168 2943 1207 3014 in

137 3041 265 3112 atrium
296 3037 421 3112 reduoi
447 3037 682 3111 laetiaairnnnr
703 3041 861 3112 animum
887 3039 1000 3114 altero
1021 3039 1116 3116 libro
1138 3055 1208 3117 tra·

113 3065 190 3216 lito
216 3139 439 3214 testificaret.
500 3139 604 3236 Quae
630 3142 725 3229 enim
751 3153 873 3216 errent
898 3143 942 3215 de
966 3141 1118 3218 dialecto
1135 3145 1209 3220 llo·

114 3246 213 3335 riou,
267 3268 341 3342 qno
383 3245 528 3316 nomine
564 3241 760 3318 inscribere
791 3244 935 3319 mallem
965 3271 1073 3346 quam
1111 3245 1207 3346 ojus,

56 3391 60 3400 ·
114 3347 178 3446 qni
206 3345 403 3420 Dorienses
435 3370 521 3418 auoa
552 3346 600 3419 ita
628 3345 760 3439 noluit,
804 3359 846 3420 nt
871 3349 967 3420 inter
994 3349 1129 3422 tmiooa
1150 3347 1210 3447 jo·

113 3459 237 3522 rantes
262 3449 340 3546 ipae
368 3449 557 3522 Dorienoia
583 3447 843 3547 appellaretur,
887 3461 958 3522 ant
976 3453 1036 3522 oni
1066 3453 1210 3549 pietatis

114 3563 223 3670 atque
244 3551 487 3624 venerationis
504 3549 652 3650 aliquod
672 3550 924 3626 documentum
946 3551 1073 3646 edere,
1102 3579 1210 3652 quom

113 3677 222 3757 eana
246 3650 403 3753 inaignia
432 3651 476 3727 de
502 3651 619 3727 literia
645 3665 683 3726 et
707 3652 754 3728 ala
780 3681 837 3728 me
862 3656 990 3728 marita
1017 3653 1210 3756 longinqui

114 3757 257 3830 itineria
283 3753 482 3854 pericnlum
510 3767 547 3829 ot
572 3753 690 3829 foliola
715 3754 853 3829 reditur
879 3755 1098 3846 deaidariom
1124 3767 1211 3857 tuno

115 3859 268 3932 maxime
309 3861 355 3930 in
390 3861 597 3932 memoriam
642 3869 865 3932 revocarent.
946 3860 1024 3933 Deo
1064 3859 1212 3958 Optimo

114 3959 276 4034 Haxlmo
302 3959 409 4036 aliter
439 3963 587 4059 placuit.
668 3961 762 4034 Nam
788 3971 826 4035 et
849 3960 1032 4036 aon‘bendi
1059 3961 1211 4036 difficul-

114 4076 192 4156 raa,
242 4089 349 4164 qna·
376 4065 545 4162 inprimi
571 4061 655 4136 libri
689 4063 911 4163 praelatione
938 4075 1089 4164 quoatno
1115 4091 1212 4138 ornan

115 4167 312 4266 (aprunum
337 4167 569 4264 aoriptorium
595 4165 725 4241 medioi
753 4165 910 4342 ‹licuntpp
945 4168 985 4240 iu
1011 4165 1088 4241 (lieo
1111 4179 1216 4241 aneta

115 4293 236 4369 neque
277 4269 354 4344 ullo
393 4267 735 4345 medicanunmrnm
775 4267 835 4342 vel
905 4268 1091 4344 alneornna
1120 4279 1213 4363 lusu,
