2844 4770
221 303 282 350 vtss

222 486 365 562 edoceri
390 509 495 558 nemo
521 485 636 585 magis
662 484 896 582 concupiscit.
968 483 1138 558 Ceterum
1161 484 1319 559 severis·

221 589 546 766 llldtlilbmdrllbridd
571 587 655 763 llll
680 587 1144 788 ubddddeblatdldciellllum
1179 587 1320 686 ogiae,

322 793 472 866 lllorum
506 793 620 892 igitur
650 817 838 866 censorum
870 817 937 866 nee
963 792 1083 865 minus
1104 789 1203 864 'l'no
1229 787 1322 866 alio·

65 906 69 916 ’
223 922 400 996 rumque,
441 893 575 995 quibus
599 893 795 994 plurimum
822 893 964 986 tribuo,
998 891 1150 993 judiciis
1175 919 1321 991 permo-

70 1047 73 1054 ι
221 1013 281 1075 tna
303 1023 384 1071 anm
408 1009 449 1070 ut
474 1022 594 1098 neque
624 1000 744 1097 operis
770 995 981 1072 absolvendi
1006 995 1199 1072 consilium
1224 994 1321 1096 sbji·

223 1126 339 1177 cerem
366 1112 403 1174 et
432 1099 555 1174 eadem
589 1101 647 1172 vin
671 1111 779 1200 atque
805 1102 942 1174 ratione
969 1124 1179 1200 pergerem,
1221 1123 1318 1198 qnue

223 1205 384 1278 omnium
409 1227 595 1277 assensum
618 1201 746 1276 tulisse
772 1203 968 1286 videretur.
1043 1201 1199 1301 Neque,
1243 1201 1317 1273 nisi

223 1307 384 1383 faciliore
410 1306 518 1403 primi
546 1303 631 1377 libri
662 1303 785 1379 labore
818 1307 913 1378 vires
940 1317 1044 1380 antes
1076 1303 1320 1379 exercuissem

223 1421 333 1509 utque
355 1406 575 1500 lirmnssem,
612 1405 724 1506 hujus
750 1407 977 1482 mediocriter
998 1405 1209 1505 perliciendi
1237 1432 1321 1506 gra·

222 1513 410 1584 vissimum
457 1535 550 1583 onus
595 1535 662 1583 me·
699 1521 947 1585 abstenturum
991 1510 1105 1583 lnisae
1147 1505 1318 1582 arbitror.

226 1611 336 1709 Quod
363 1638 471 1714 qnam
496 1622 593 1686 recte
619 1613 793 1706 sentiam,
844 1638 1051 1713 quanquam
1073 1611 1141 1682 'l'n
1167 1635 1213 1684 ex
1239 1612 1319 1708 ipso

223 1711 332 1815 opere
358 1717 444 1788 sutis
471 1713 674 1816 intelliges,
722 1715 795 1790 duo
827 1726 947 1790 tumen
972 1713 1224 1790 molestissime
1250 1715 1317 1784 im·

222 1819 448 1917 pedimenta,
504 1843 596 1918 quse
639 1817 782 1892 lucilius
823 1817 935 1892 latere
974 1818 1141 1916 possint,
1195 1816 1318 1914 paucis

224 1917 524 2014 commemorabo.
600 1921 760 1993 Primum
789 1921 939 1992 nimium
966 1930 1142 2020 qnantum
1167 1915 1320 1992 desuda·

92 2091 95 2106 ,
223 2024 283 2114 vi,
320 2023 557 2122 prinsquam,
591 2021 682 2122 qnid
704 2024 911 2123 quibusque
939 2020 1127 2114 fontibus,
1164 2047 1320 2121 qnorum

110 4127 119 4148 ,
228 4065 318 4156 ties,
365 4067 520 4141 maxime
551 4070 590 4141 in
621 4068 659 4170 5

223 2123 390 2226 plerique
421 2149 548 2222 parum
580 2123 722 2221 limpidi
756 2137 862 2218 sunt,
909 2124 995 2198 fidei
1027 2123 1155 2198 baberi
1187 2126 1317 2222 possit,

223 2228 311 2300 sutis
341 2237 570 2326 perspectum
603 2225 788 2300 haberem.
873 2225 1014 2302 Deinde
1046 2229 1183 2319 iniis,
1227 2251 1320 2326 quse

223 2331 442 2403 recentiores
467 2340 505 2402 et
529 2331 766 2403 recentissimi
793 2329 898 2428 (adeo
923 2331 987 2430 qui
1009 2327 1096 2428 jure
1122 2329 1321 2404 doctissimi

222 2417 418 2532 babentur)
453 2431 498 2506 de
526 2431 658 2504 Dorica
684 2431 838 2506 dialecto
869 2432 1120 2531 protulerunt,
1164 2429 1321 2506 incredi-

223 2532 334 2608 bilem
368 2561 531 2608 errorum
563 2537 701 2632 copiam
735 2537 880 2626 inveni,
923 2533 1052 2610 'contre
1087 2535 1320 2634 paucissima,

224 2636 322 2710 unde
348 2635 488 2736 aliquid
513 2637 684 2734 praesidii
710 2638 785 2735 peti
815 2647 957 2735 posset3
1008 2663 1054 2710 ne
1085 2663 1128 2711 ea
1154 2635 1320 2737 quidem,

225 2763 319 2836 qnae
347 2739 550 2812 Roeclrhius
583 2740 622 2810 in
652 2737 812 2815 secundo
839 2738 1012 2837 Corporis
1038 2739 1324 2838 Inscriptionnm

227 2837 409 2912 volumine
436 2839 480 2912 de
501 2838 653 2913 dialecto
670 2840 811 2914 Cretica
830 2853 1090 2916 commentatus
1108 2855 1178 2934 est,
1207 2869 1324 2941 quan·

225 2966 334 3042 qnnm
366 2939 519 3041 reliquis
552 2939 664 3015 multo
696 2945 974 3040 praestantiore,
1021 2947 1140 3018 omnin
1174 2946 1325 3044 probari

141 3091 154 3104 υ
225 3052 414 3140 poterunt,
465 3070 578 3143 quum
610 3056 775 3118 accurata
806 3046 966 3118 omnium
993 3045 1141 3122 Doridis
1171 3049 1325 3120 varieta-

225 3156 303 3218 tum
340 3147 558 3244 comparatio
594 3145 693 3219 baud
725 3173 806 3220 mro
837 3146 908 3220 aliu
939 3147 1097 3224 doceret.
1174 3148 1323 3223 Utinsm

225 3257 364 3320 tantum
393 3246 528 3321 loboris
563 3249 617 3322 Te
646 3247 771 3348 jndice
805 3276 852 3323 ne
886 3249 978 3324 male
1010 3253 1216 3350 impensum
1242 3277 1325 3326 esse

183 3387 185 3394 s
226 3349 410 3424 videatur!
435 3395 486 3410 -
563 3352 754 3444 Ceterum,
801 3351 943 3452 dequo
969 3378 1008 3428 rc
1030 3356 1069 3426 in
1095 3355 1205 3452 primi
1236 3354 1326 3428 libri

226 3453 451 3550 prestatione
482 3480 628 3529 monere
672 3454 965 3556 neglexeramus,
1019 3459 1174 3532 consilio
1209 3467 1247 3532 et
1282 3483 1325 3532 ee

227 3555 360 3628 omissa
391 3566 499 3648 sunt,
559 3583 652 3658 quae
687 3557 733 3630 ad
768 3559 1001 3658 syntecticum
1035 3562 1211 3636 rationem
1241 3587 1325 3660 spe·

227 3657 344 3750 etant,
383 3683 457 3758 quo
483 3662 666 3758 pertinent
682 3660 863 3735 scbemutu
888 3661 1043 3762 singulis
1058 3663 1203 3762 populis
1225 3663 1327 3763 apud

227 3762 479 3856 grammaticos
503 3761 704 3862 adscripta,
743 3774 780 3836 et
805 3761 1052 3864 glossarume
1075 3763 1241 3842 dialectis
1262 3765 1326 3842 de·

228 3871 496 3958 prompturum,
545 3877 723 3964 qnatenus
748 3867 787 3938 in
813 3866 1085 3968 etymologicam
1106 3880 1245 3966 purtem
1268 3871 1326 3944 ni·

229 3959 281 4032 bil
305 3961 400 4036 lucri
424 3965 603 4058 afferunt,
642 3970 773 4141 inqens
799 3995 985 4042 numerus.
1046 3970 1157 4066 Quod
1180 3971 1324 4073 aliquo·

711 4066 757 4164 6,
810 4069 904 4144 nltrn
930 4071 1044 4165 lines,
1089 4072 1326 4174 quibus-ipsi

228 4193 295 4242 nos
316 4169 726 4270 circumscripseramna,
753 4175 893 4273 evagati
915 4199 994 4248 esse
1012 4174 1197 4272 videmur,
1227 4175 1328 4279 apud
