2742 4794
1115 348 1240 422 Xl'

65 543 197 608 iliorum
224 553 361 633 peccata
391 543 491 610 tacite
523 543 683 616 damnare.
750 546 890 640 Saepius
919 549 1043 618 Tecum
1070 577 1167 644 quarn

66 705 146 746 enm
168 683 231 747 aliis
251 683 507 775 pugnavimus,
535 710 601 752 non
624 711 689 777 quo
710 689 840 780 saepius
861 691 917 756 Te
944 691 1073 783 lapsum
1093 717 1166 762 esse

72 817 305 908 judicaremus,
338 821 401 888 sed
423 822 499 912 quia
520 833 609 890 tanta
630 835 679 891 est
700 825 774 892 Tua
794 828 880 916 apud
900 852 962 898 nos
981 831 1166 910 auctoritas,

83 967 219 1045 ntegro
250 959 320 1050 ipsi
341 959 444 1026 nobis
465 961 690 1043 crederemus,
725 964 905 1058 siquando
927 968 1017 1036 aTe
1039 969 1168 1040 dissen-
1251 935 1254 942 .

76 1097 213 1164 &adom
233 1099 416 1167 videretur.

150 1239 193 1304 ln
224 1239 429 1331 Appendice
458 1207 593 1324 Alcaei,
630 1242 804 1335 Sapphus,
836 1247 997 1316 Corinnae
1026 1253 1167 1321 cumina

71 1373 274 1462 addidi-us,
311 1401 498 1469 quanquam
519 1403 624 1469 nuper
650 1404 671 1447 c
692 1379 1026 1454 Schneidewiuo
1056 1401 1168 1456 nostro

72 1510 106 1574 in
153 1509 343 1580 Deiecto
389 1515 494 1582 multo
534 1541 632 1607 quam
680 1529 774 1586 antea
824 1523 1042 1590 emendatiora
1082 1527 1168 1596 edita

74 1661 171 1716 mm
238 1651 289 1716 Aa
313 1651 455 1740 primum
481 1651 517 1722 id
546 1655 778 1744 spectavimus,
817 1669 855 1725 ut
879 1658 991 1730 lucido
1019 1639 1167 1754 exemplo

8 1821 9 1828 κ
76 1790 332 1876 detlanremos,
369 1817 433 1884 qna
455 1793 592 1862 dialecto
621 1797 753 1864 iliorum
773 1795 916 1869 carmina
943 1826 1002 1870 usa
1023 1827 1098 1871 esse
1118 1829 1167 1872 ar-

74 1929 291 2014 bitraremur,
313 1942 429 1998 nostro
451 1931 582 2024 quidem
604 1935 771 2024 proposito
793 1937 996 2005 audaciorem
1018 1951 1166 2008 constan-

76 2067 148 2133 tiana
169 2067 350 2135 convenire
370 2067 453 2154 rati,
490 2080 655 2160 praeterea
674 2073 761 2138 baud
781 2097 921 2162 pancas,
952 2075 1072 2166 quibus
1093 2101 1168 2144 scn-

77 2229 132 2272 sus
157 2206 327 2295 tangitur,
364 2205 606 2273 emendationes
635 2207 841 2276 tentavimus.
908 2210 1066 2278 Ordinem
1101 2213 1167 2280 ira-
1240 2205 1241 2208 Ἴ

77 2352 280 2427 pantorum
301 2339 502 2408 servavimus
517 2339 873 2428 Schneidewinianum,
895 2345 1042 2410 numeris
1061 2357 1168 2412 nmen

77 2477 267 2544 Muttbianis
288 2490 323 2545 et
342 2477 500 2547 Nevianis
519 2479 714 2570 adscriptis,
741 2480 926 2546 addidimus
949 2507 986 2546 ea
1014 2483 1167 2564 frustula,

81 2635 162 2699 qaae
180 2611 238 2678 iile
269 2632 368 2677 suum
387 2612 561 2678 consilium
591 2623 723 2678 secutus
751 2613 881 2699 omisit,
913 2615 948 2678 in
970 2611 1094 2680 notulis
1114 2637 1169 2680 eas

79 2745 230 2812 librom
253 2707 414 2812 lectiones
435 2747 649 2826 enotavimus,
671 2769 755 2836 quae
774 2745 922 2838 proxime
943 2747 984 2813 ad
1006 2748 1169 2836 conjectu·

78 2911 129 2952 ras
148 2897 298 2974 receptas
318 2885 498 2970 accedunt,
527 2897 559 2951 ct
587 2884 797 2972 brevissimo,
826 2885 1020 2977 plerumque
1049 2887 1089 2951 ad
1111 2911 1167 2954 no-

80 3039 179 3093 stram
200 3023 351 3090 libellum
370 3023 424 3090 vel
445 3021 486 3088 ad
498 3021 649 3088 Muscam
666 3021 862 3086 Rhenanam
884 3021 1066 3111 ablegando
1082 3022 1167 3089 indi·

79 3165 224 3232 carimus
234 3212 247 3242 ‚
268 3185 327 3228 cor
346 3183 365 3226 a
387 3158 551 3252 prioribus
572 3157 768 3242 editoribus,
791 3158 928 3226 maxime
949 3184 968 3225 a
990 3157 1169 3225 Schneide-
1194 3149 1198 3164 ’

81 3299 168 3364 wiso
196 3294 453 3362 discesserimus.
509 3292 621 3378 Quum
646 3293 753 3372 enim,
782 3316 825 3358 ne
846 3290 924 3359 libri
944 3293 1048 3359 moles
1068 3291 1168 3360 nimis

81 3445 271 3526 augeretur,
308 3431 549 3499 emendationes
569 3441 715 3514 nostras,
746 3453 828 3519 quae
849 3422 1005 3520 ampliore
1027 3431 1168 3521 disputa·

83 3576 170 3643 tione
190 3583 344 3666 egerent,
366 3571 588 3642 Welcbero
608 3569 922 3670 transmisissemus,
944 3595 1018 3660 pars
1039 3570 1074 3634 in
1094 3569 1167 3636 Mu·

83 3716 128 3808 sci
149 3713 301 3782 Rbeuaui
321 3711 466 3779 vol.V1.
487 3712 567 3778 i'asc.
593 3710 637 3776 11.
660 3709 767 3776 lucem
789 3707 882 3794 vidit,
904 3707 1040 3798 reliquis
1062 3730 1168 3800 spera·

85 3875 153 3918 nus
164 3849 379 3920 Welckernm
399 3847 435 3913 in
455 3849 603 3938 proximo
624 3849 782 3916 fasciculo
802 3849 912 3915 locum
925 3867 1166 3914 concessuram.

86 3988 120 4053 la
140 3986 311 4058 'i'bcocriti
339 3983 539 4053 carminibus
559 3985 706 4052 Aeolicis
734 4009 806 4053 raro
835 4011 853 4051 a
875 3982 1043 4051 codicibus
1065 3984 1168 4050 disee·

85 4127 150 4198 dere
186 4127 263 4198 ausi
303 4147 441 4206 sumus,
478 4121 554 4212 quia
590 4123 687 4207 latet,
730 4145 825 4213 quam
855 4131 1002 4194 accurate
1029 4119 1169 4186 imitator
