<?xml version="1.0" encoding="UTF-8"?>
<!DOCTYPE html PUBLIC "-//W3C//DTD XHTML 1.0 Transitional//EN"
    "http://www.w3.org/TR/xhtml1/DTD/xhtml1-transitional.dtd">
<html xmlns="http://www.w3.org/1999/xhtml" xml:lang="en" lang="en">
 <head>
  <title>
</title>
<meta http-equiv="Content-Type" content="text/html;charset=utf-8" />
  <meta name='ocr-system' content='tesseract 3.04.00' />
  <meta name='ocr-capabilities' content='ocr_page ocr_carea ocr_par ocr_line ocrx_word'/>
</head>
<body>
  <div class='ocr_page' id='page_1' title='image "./degraccaelingua01ahregoog_0301.png"; bbox 0 0 2834 4762; ppageno 0'>
   <div class='ocr_carea' id='block_1_1' title="bbox 191 293 915 415">
    <p class='ocr_par' dir='ltr' id='par_1_1' title="bbox 191 293 915 415">
     <span class='ocr_line' id='line_1_1' title="bbox 191 293 915 415; baseline -0.008 -20"><span class='ocrx_word' id='word_1_1' title='bbox 191 315 268 395; x_wconf 72' lang='lat'>282</span> <span class='ocrx_word' id='word_1_2' title='bbox 407 365 411 376; x_wconf 93' lang='lat'>·</span> <span class='ocrx_word' id='word_1_3' title='bbox 639 314 834 415; x_wconf 83' lang='lat' dir='ltr'>Appendix.</span> <span class='ocrx_word' id='word_1_4' title='bbox 912 293 915 298; x_wconf 29' lang='lat'><em>¹</em></span> 
     </span>
    </p>
   </div>
   <div class='ocr_carea' id='block_1_2' title="bbox 187 521 1279 826">
    <p class='ocr_par' dir='ltr' id='par_1_2' title="bbox 187 521 1279 826">
     <span class='ocr_line' id='line_1_2' title="bbox 192 521 1279 611; baseline -0.002 -21"><span class='ocrx_word' id='word_1_5' title='bbox 192 523 256 590; x_wconf 78' lang='grc' dir='ltr'>αἵτε</span> <span class='ocrx_word' id='word_1_6' title='bbox 282 521 402 590; x_wconf 78' lang='lat' dir='ltr'>reie&#39;otor</span> <span class='ocrx_word' id='word_1_7' title='bbox 431 522 493 588; x_wconf 78' lang='lat' dir='ltr'>aire</span> <span class='ocrx_word' id='word_1_8' title='bbox 523 523 638 606; x_wconf 75' lang='grc' dir='ltr'><strong><em>δᾶμος,</em></strong></span> <span class='ocrx_word' id='word_1_9' title='bbox 673 523 705 589; x_wconf 73' lang='grc' dir='ltr'>ἓν</span> <span class='ocrx_word' id='word_1_10' title='bbox 731 521 870 611; x_wconf 63' lang='lat' dir='ltr'>sinciput</span> <span class='ocrx_word' id='word_1_11' title='bbox 900 521 928 588; x_wconf 79' lang='grc' dir='ltr'>κ’</span> <span class='ocrx_word' id='word_1_12' title='bbox 950 521 1080 610; x_wconf 74' lang='grc' dir='ltr'><strong><em>ἕνέχοιτο</em></strong></span> <span class='ocrx_word' id='word_1_13' title='bbox 1106 526 1147 606; x_wconf 78' lang='grc' dir='ltr'>τῷ</span> <span class='ocrx_word' id='word_1_14' title='bbox 1166 521 1279 589; x_wconf 65' lang='lat' dir='ltr'>&#39;noir&#39;</span> 
     </span>
     <span class='ocr_line' id='line_1_3' title="bbox 190 627 415 714; baseline 0 -4"><span class='ocrx_word' id='word_1_15' title='bbox 190 627 363 714; x_wconf 62' lang='lat' dir='ltr'>neolone</span> <span class='ocrx_word' id='word_1_16' title='bbox 376 629 415 710; x_wconf 80' lang='lat'>⁸)-</span> 
     </span>
     <span class='ocr_line' id='line_1_4' title="bbox 187 799 466 826; baseline -0.007 -8"><span class='ocrx_word' id='word_1_17' title='bbox 187 799 466 826; x_wconf 40' lang='lat' dir='ltr'>...q-...-</span> 
     </span>
    </p>
   </div>
   <div class='ocr_carea' id='block_1_3' title="bbox 185 905 1278 1684">
    <p class='ocr_par' dir='ltr' id='par_1_3' title="bbox 187 905 1276 1328">
     <span class='ocr_line' id='line_1_5' title="bbox 187 905 1276 985; baseline -0.002 -17"><span class='ocrx_word' id='word_1_18' title='bbox 187 913 204 968; x_wconf 82' lang='lat' dir='ltr'>s</span> <span class='ocrx_word' id='word_1_19' title='bbox 206 911 343 968; x_wconf 84' lang='lat' dir='ltr'>emulus</span> <span class='ocrx_word' id='word_1_20' title='bbox 361 908 529 966; x_wconf 77' lang='lat' dir='ltr'>descendere</span> <span class='ocrx_word' id='word_1_21' title='bbox 546 917 673 982; x_wconf 83' lang='lat' dir='ltr'>poterent</span> <span class='ocrx_word' id='word_1_22' title='bbox 688 906 817 980; x_wconf 57' lang='lat' dir='ltr'>bruslor,</span> <span class='ocrx_word' id='word_1_23' title='bbox 836 905 985 985; x_wconf 54' lang='grc' dir='ltr'>ζατριιόω,</span> <span class='ocrx_word' id='word_1_24' title='bbox 996 923 1068 978; x_wconf 82' lang='lat' dir='ltr'>quse</span> <span class='ocrx_word' id='word_1_25' title='bbox 1082 909 1197 966; x_wconf 85' lang='lat' dir='ltr'>eandem</span> <span class='ocrx_word' id='word_1_26' title='bbox 1215 911 1276 966; x_wconf 85' lang='lat' dir='ltr'>lere</span> 
     </span>
     <span class='ocr_line' id='line_1_6' title="bbox 190 992 1276 1068; baseline -0.002 -14"><span class='ocrx_word' id='word_1_27' title='bbox 190 999 246 1054; x_wconf 82' lang='lat' dir='ltr'>vim</span> <span class='ocrx_word' id='word_1_28' title='bbox 272 999 414 1068; x_wconf 71' lang='lat' dir='ltr'>haberent.</span> <span class='ocrx_word' id='word_1_29' title='bbox 460 997 552 1067; x_wconf 82' lang='lat' dir='ltr'>Igitur</span> <span class='ocrx_word' id='word_1_30' title='bbox 569 994 721 1052; x_wconf 76' lang='grc' dir='ltr'><strong><em>ἅποτὶνοιεν</em></strong></span> <span class='ocrx_word' id='word_1_31' title='bbox 737 992 869 1050; x_wconf 72' lang='grc' dir='ltr'>τάλαντον</span> <span class='ocrx_word' id='word_1_32' title='bbox 886 995 937 1052; x_wconf 81' lang='grc' dir='ltr'>Διῒ</span> <span class='ocrx_word' id='word_1_33' title='bbox 954 994 1158 1067; x_wconf 75' lang='lat' dir='ltr'>iurpsmo&#39;prvoo</span> <span class='ocrx_word' id='word_1_34' title='bbox 1182 997 1276 1068; x_wconf 88' lang='lat' dir='ltr'>potius</span> 
     </span>
     <span class='ocr_line' id='line_1_7' title="bbox 187 1076 1276 1156; baseline -0.005 -16"><span class='ocrx_word' id='word_1_35' title='bbox 187 1085 357 1156; x_wconf 87' lang='lat' dir='ltr'>interpretor</span> <span class='ocrx_word' id='word_1_36' title='bbox 380 1081 559 1154; x_wconf 65' lang='lat' dir='ltr'>claruimus</span> <span class='ocrx_word' id='word_1_37' title='bbox 585 1084 604 1138; x_wconf 92' lang='lat' dir='ltr'>i.</span> <span class='ocrx_word' id='word_1_38' title='bbox 629 1101 654 1140; x_wconf 93' lang='lat' dir='ltr'>e.</span> <span class='ocrx_word' id='word_1_39' title='bbox 678 1083 850 1137; x_wconf 72' lang='lat' dir='ltr'>talentum</span> <span class='ocrx_word' id='word_1_40' title='bbox 874 1076 1038 1150; x_wconf 80' lang='lat' dir='ltr'>solvant,</span> <span class='ocrx_word' id='word_1_41' title='bbox 1071 1081 1166 1151; x_wconf 89' lang='lat' dir='ltr'>quod</span> <span class='ocrx_word' id='word_1_42' title='bbox 1192 1081 1276 1138; x_wconf 84' lang='lat' dir='ltr'>Jovi</span> 
     </span>
     <span class='ocr_line' id='line_1_8' title="bbox 187 1163 1274 1244; baseline -0.002 -18"><span class='ocrx_word' id='word_1_43' title='bbox 187 1170 374 1242; x_wconf 75' lang='lat' dir='ltr'>peculiare</span> <span class='ocrx_word' id='word_1_44' title='bbox 391 1170 466 1228; x_wconf 90' lang='lat' dir='ltr'>liat.</span> <span class='ocrx_word' id='word_1_45' title='bbox 502 1171 560 1228; x_wconf 79' lang='lat' dir='ltr'>Gur</span> <span class='ocrx_word' id='word_1_46' title='bbox 577 1185 643 1225; x_wconf 82' lang='lat' dir='ltr'>vero</span> <span class='ocrx_word' id='word_1_47' title='bbox 661 1163 861 1244; x_wconf 72' lang='grc' dir='ltr'>λατρηϊῶμενον</span> <span class='ocrx_word' id='word_1_48' title='bbox 878 1169 1081 1240; x_wconf 83' lang='lat' dir='ltr'>scripserimus,</span> <span class='ocrx_word' id='word_1_49' title='bbox 1098 1169 1164 1224; x_wconf 84' lang='lat' dir='ltr'>vide</span> <span class='ocrx_word' id='word_1_50' title='bbox 1182 1173 1274 1225; x_wconf 61' lang='grc' dir='ltr'>ηοω</span> 
     </span>
     <span class='ocr_line' id='line_1_9' title="bbox 187 1260 367 1328; baseline -0.006 -14"><span class='ocrx_word' id='word_1_51' title='bbox 187 1269 216 1316; x_wconf 64' lang='lat' dir='ltr'>Gi</span> <span class='ocrx_word' id='word_1_52' title='bbox 232 1261 256 1328; x_wconf 62' lang='lat'>§-</span> <span class='ocrx_word' id='word_1_53' title='bbox 275 1261 331 1328; x_wconf 65' lang='lat'>⁶²·</span> <span class='ocrx_word' id='word_1_54' title='bbox 341 1260 367 1314; x_wconf 63' lang='lat'>⁴·</span> 
     </span>
    </p>

    <p class='ocr_par' dir='ltr' id='par_1_4' title="bbox 185 1349 1278 1684">
     <span class='ocr_line' id='line_1_10' title="bbox 222 1349 1273 1426; baseline -0.005 -14"><span class='ocrx_word' id='word_1_55' title='bbox 222 1359 251 1426; x_wconf 84' lang='lat' dir='ltr'>t)</span> <span class='ocrx_word' id='word_1_56' title='bbox 287 1357 321 1412; x_wconf 87' lang='lat' dir='ltr'>B.</span> <span class='ocrx_word' id='word_1_57' title='bbox 341 1352 405 1424; x_wconf 68' lang='lat' dir='ltr'>cal,</span> <span class='ocrx_word' id='word_1_58' title='bbox 428 1353 486 1409; x_wconf 87' lang='lat' dir='ltr'>vid.</span> <span class='ocrx_word' id='word_1_59' title='bbox 507 1370 550 1408; x_wconf 91' lang='lat' dir='ltr'>nr.</span> <span class='ocrx_word' id='word_1_60' title='bbox 568 1355 598 1424; x_wconf 68' lang='lat' dir='ltr'>l,</span> <span class='ocrx_word' id='word_1_61' title='bbox 626 1353 767 1409; x_wconf 88' lang='lat' dir='ltr'>duriorem</span> <span class='ocrx_word' id='word_1_62' title='bbox 791 1353 1021 1410; x_wconf 72' lang='lat' dir='ltr'>constructionem</span> <span class='ocrx_word' id='word_1_63' title='bbox 1044 1350 1080 1409; x_wconf 82' lang='lat' dir='ltr'>rol</span> <span class='ocrx_word' id='word_1_64' title='bbox 1101 1349 1207 1424; x_wconf 68' lang='grc' dir='ltr'><strong><em>γράφω</em></strong></span> <span class='ocrx_word' id='word_1_65' title='bbox 1227 1349 1273 1422; x_wconf 71' lang='grc' dir='ltr'>τᾷ,</span> 
     </span>
     <span class='ocr_line' id='line_1_11' title="bbox 186 1439 1272 1511; baseline 0 -15"><span class='ocrx_word' id='word_1_66' title='bbox 186 1441 332 1511; x_wconf 75' lang='lat' dir='ltr'>literas,</span> <span class='ocrx_word' id='word_1_67' title='bbox 357 1457 442 1510; x_wconf 78' lang='lat' dir='ltr'>quse</span> <span class='ocrx_word' id='word_1_68' title='bbox 464 1441 524 1495; x_wconf 89' lang='lat' dir='ltr'>hic</span> <span class='ocrx_word' id='word_1_69' title='bbox 550 1441 729 1510; x_wconf 84' lang='lat' dir='ltr'>leguntur,</span> <span class='ocrx_word' id='word_1_70' title='bbox 764 1439 842 1494; x_wconf 90' lang='lat' dir='ltr'>rudis</span> <span class='ocrx_word' id='word_1_71' title='bbox 864 1441 998 1495; x_wconf 87' lang='lat' dir='ltr'>sermonis</span> <span class='ocrx_word' id='word_1_72' title='bbox 1020 1440 1128 1494; x_wconf 81' lang='lat' dir='ltr'>indoles</span> <span class='ocrx_word' id='word_1_73' title='bbox 1150 1449 1272 1496; x_wconf 84' lang='lat' dir='ltr'>excusat.</span> 
     </span>
     <span class='ocr_line' id='line_1_12' title="bbox 186 1525 1278 1598; baseline -0.004 -14"><span class='ocrx_word' id='word_1_74' title='bbox 186 1531 314 1584; x_wconf 82' lang='lat' dir='ltr'>Ceterum</span> <span class='ocrx_word' id='word_1_75' title='bbox 331 1527 505 1582; x_wconf 78' lang='lat' dir='ltr'>Boeclrlrium</span> <span class='ocrx_word' id='word_1_76' title='bbox 523 1537 598 1582; x_wconf 87' lang='lat' dir='ltr'>recte</span> <span class='ocrx_word' id='word_1_77' title='bbox 614 1525 721 1598; x_wconf 73' lang='grc' dir='ltr'><strong><em>γράφω</em></strong></span> <span class='ocrx_word' id='word_1_78' title='bbox 737 1543 789 1598; x_wconf 86' lang='lat' dir='ltr'>per</span> <span class='ocrx_word' id='word_1_79' title='bbox 804 1525 953 1598; x_wconf 68' lang='grc' dir='ltr'>γράμματα</span> <span class='ocrx_word' id='word_1_80' title='bbox 977 1529 1185 1598; x_wconf 81' lang='lat' dir='ltr'>interpretatum</span> <span class='ocrx_word' id='word_1_81' title='bbox 1202 1541 1278 1594; x_wconf 21' lang='lat' dir='ltr'>esse,-</span> 
     </span>
     <span class='ocr_line' id='line_1_13' title="bbox 185 1612 952 1684; baseline -0.004 -12"><span class='ocrx_word' id='word_1_82' title='bbox 185 1625 280 1672; x_wconf 84' lang='lat' dir='ltr'>nostru</span> <span class='ocrx_word' id='word_1_83' title='bbox 296 1613 467 1682; x_wconf 84' lang='lat' dir='ltr'>sequentium</span> <span class='ocrx_word' id='word_1_84' title='bbox 484 1612 677 1684; x_wconf 82' lang='lat' dir='ltr'>interpretatio</span> <span class='ocrx_word' id='word_1_85' title='bbox 695 1613 783 1683; x_wconf 80' lang='lat' dir='ltr'>megia</span> <span class='ocrx_word' id='word_1_86' title='bbox 800 1613 952 1670; x_wconf 84' lang='lat' dir='ltr'>confirmat.</span> 
     </span>
    </p>
   </div>
   <div class='ocr_carea' id='block_1_4' title="bbox 219 1703 1269 1780">
    <p class='ocr_par' dir='ltr' id='par_1_5' title="bbox 219 1703 1269 1780">
     <span class='ocr_line' id='line_1_14' title="bbox 219 1703 1269 1780; baseline -0.008 -12"><span class='ocrx_word' id='word_1_87' title='bbox 219 1713 248 1777; x_wconf 83' lang='grc' dir='ltr'>Β)</span> <span class='ocrx_word' id='word_1_88' title='bbox 282 1711 316 1766; x_wconf 89' lang='grc' dir='ltr'>Β.</span> <span class='ocrx_word' id='word_1_89' title='bbox 340 1709 400 1766; x_wconf 78' lang='lat' dir='ltr'>sits</span> <span class='ocrx_word' id='word_1_90' title='bbox 416 1704 504 1778; x_wconf 60' lang='lat' dir='ltr'>dipo&#39;r</span> <span class='ocrx_word' id='word_1_91' title='bbox 520 1705 591 1776; x_wconf 74' lang='grc' dir='ltr'><strong><em>ἔντ’,</em></strong></span> <span class='ocrx_word' id='word_1_92' title='bbox 615 1707 720 1779; x_wconf 78' lang='grc' dir='ltr'><em>ἒπιᾶρῳ</em></span> <span class='ocrx_word' id='word_1_93' title='bbox 738 1705 768 1763; x_wconf 76' lang='grc' dir='ltr'>ι’</span> <span class='ocrx_word' id='word_1_94' title='bbox 787 1707 901 1776; x_wconf 72' lang='grc' dir='ltr'><strong><em>ἓνέχοιτο</em></strong></span> <span class='ocrx_word' id='word_1_95' title='bbox 919 1707 957 1780; x_wconf 70' lang='grc' dir='ltr'>τῷ</span> <span class='ocrx_word' id='word_1_96' title='bbox 973 1703 1078 1764; x_wconf 67' lang='lat' dir='ltr'>’nair&#39;</span> <span class='ocrx_word' id='word_1_97' title='bbox 1103 1705 1269 1779; x_wconf 75' lang='grc' dir='ltr'><em>ἰγραμμένφ,</em></span> 
     </span>
    </p>
   </div>
   <div class='ocr_carea' id='block_1_5' title="bbox 94 1794 1269 1868">
    <p class='ocr_par' dir='ltr' id='par_1_6' title="bbox 94 1794 1269 1868">
     <span class='ocr_line' id='line_1_15' title="bbox 94 1794 1269 1868; baseline -0.004 -17"><span class='ocrx_word' id='word_1_98' title='bbox 94 1861 96 1868; x_wconf 33' lang='grc' dir='ltr'>Ι</span> <span class='ocrx_word' id='word_1_99' title='bbox 183 1795 289 1852; x_wconf 83' lang='lat' dir='ltr'>multu</span> <span class='ocrx_word' id='word_1_100' title='bbox 306 1809 403 1850; x_wconf 84' lang='lat' dir='ltr'>sacra</span> <span class='ocrx_word' id='word_1_101' title='bbox 418 1804 557 1850; x_wconf 85' lang='lat' dir='ltr'>tenetor</span> <span class='ocrx_word' id='word_1_102' title='bbox 573 1794 631 1850; x_wconf 82' lang='lat' dir='ltr'>nic</span> <span class='ocrx_word' id='word_1_103' title='bbox 646 1797 791 1867; x_wconf 84' lang='lat' dir='ltr'>scripta.</span> <span class='ocrx_word' id='word_1_104' title='bbox 826 1795 953 1850; x_wconf 80' lang='lat' dir='ltr'>offendit</span> <span class='ocrx_word' id='word_1_105' title='bbox 970 1795 998 1850; x_wconf 90' lang='lat' dir='ltr'>iu</span> <span class='ocrx_word' id='word_1_106' title='bbox 1018 1795 1061 1850; x_wconf 87' lang='lat' dir='ltr'>iris</span> <span class='ocrx_word' id='word_1_107' title='bbox 1077 1795 1195 1866; x_wconf 90' lang='lat' dir='ltr'>primurn</span> <span class='ocrx_word' id='word_1_108' title='bbox 1213 1811 1269 1847; x_wconf 86' lang='lat' dir='ltr'>vox</span> 
     </span>
    </p>
   </div>
   <div class='ocr_carea' id='block_1_6' title="bbox 182 1879 1314 2126">
    <p class='ocr_par' dir='ltr' id='par_1_7' title="bbox 182 1879 1314 2126">
     <span class='ocr_line' id='line_1_16' title="bbox 182 1879 1271 1954; baseline 0 -18"><span class='ocrx_word' id='word_1_109' title='bbox 182 1881 238 1937; x_wconf 74' lang='lat' dir='ltr'>dest</span> <span class='ocrx_word' id='word_1_110' title='bbox 256 1891 285 1936; x_wconf 90' lang='lat' dir='ltr'>et</span> <span class='ocrx_word' id='word_1_111' title='bbox 301 1881 375 1950; x_wconf 91' lang='lat' dir='ltr'>quod</span> <span class='ocrx_word' id='word_1_112' title='bbox 394 1891 469 1937; x_wconf 87' lang='lat' dir='ltr'>certe</span> <span class='ocrx_word' id='word_1_113' title='bbox 486 1897 689 1954; x_wconf 80' lang='lat' dir='ltr'>supervacanea</span> <span class='ocrx_word' id='word_1_114' title='bbox 705 1892 760 1953; x_wconf 80' lang='lat' dir='ltr'>eet,</span> <span class='ocrx_word' id='word_1_115' title='bbox 784 1891 812 1938; x_wconf 87' lang='lat' dir='ltr'>et</span> <span class='ocrx_word' id='word_1_116' title='bbox 828 1893 943 1953; x_wconf 85' lang='lat' dir='ltr'>propter</span> <span class='ocrx_word' id='word_1_117' title='bbox 961 1883 1084 1936; x_wconf 79' lang='lat' dir='ltr'>sormam.</span> <span class='ocrx_word' id='word_1_118' title='bbox 1127 1879 1271 1936; x_wconf 75' lang='lat' dir='ltr'>Nemini</span> 
     </span>
     <span class='ocr_line' id='line_1_17' title="bbox 182 1965 1314 2041; baseline -0.001 -19"><span class='ocrx_word' id='word_1_119' title='bbox 182 1985 237 2040; x_wconf 91' lang='lat' dir='ltr'>pro</span> <span class='ocrx_word' id='word_1_120' title='bbox 260 1965 316 2022; x_wconf 71' lang='grc' dir='ltr'>ἐστὶ</span> <span class='ocrx_word' id='word_1_121' title='bbox 339 1969 413 2039; x_wconf 89' lang='lat' dir='ltr'>apud</span> <span class='ocrx_word' id='word_1_122' title='bbox 429 1969 607 2024; x_wconf 88' lang='lat' dir='ltr'>Theocritum</span> <span class='ocrx_word' id='word_1_123' title='bbox 633 1970 736 2039; x_wconf 82' lang='lat' dir='ltr'>legitur</span> <span class='ocrx_word' id='word_1_124' title='bbox 759 1979 786 2023; x_wconf 87' lang='lat' dir='ltr'>et</span> <span class='ocrx_word' id='word_1_125' title='bbox 810 1968 838 2022; x_wconf 90' lang='lat' dir='ltr'>in</span> <span class='ocrx_word' id='word_1_126' title='bbox 856 1968 1097 2041; x_wconf 79' lang='lat' dir='ltr'>Pythagoreorum</span> <span class='ocrx_word' id='word_1_127' title='bbox 1125 1967 1207 2022; x_wconf 84' lang='lat' dir='ltr'>libris</span> <span class='ocrx_word' id='word_1_128' title='bbox 1225 1985 1269 2022; x_wconf 90' lang='lat' dir='ltr'>re·</span> <span class='ocrx_word' id='word_1_129' title='bbox 1311 2021 1314 2028; x_wconf 83' lang='grc'><em>,</em></span> 
     </span>
     <span class='ocr_line' id='line_1_18' title="bbox 182 2053 1271 2126; baseline 0 -18"><span class='ocrx_word' id='word_1_130' title='bbox 182 2053 309 2109; x_wconf 86' lang='lat' dir='ltr'>centiore</span> <span class='ocrx_word' id='word_1_131' title='bbox 335 2065 424 2110; x_wconf 75' lang='lat' dir='ltr'>aetate</span> <span class='ocrx_word' id='word_1_132' title='bbox 450 2055 575 2126; x_wconf 84' lang='lat' dir='ltr'>scriptis,</span> <span class='ocrx_word' id='word_1_133' title='bbox 610 2070 664 2109; x_wconf 94' lang='lat' dir='ltr'>non</span> <span class='ocrx_word' id='word_1_134' title='bbox 700 2055 804 2124; x_wconf 85' lang='lat' dir='ltr'>legitur</span> <span class='ocrx_word' id='word_1_135' title='bbox 827 2055 901 2126; x_wconf 89' lang='lat' dir='ltr'>apud</span> <span class='ocrx_word' id='word_1_136' title='bbox 927 2055 1097 2122; x_wconf 75' lang='lat' dir='ltr'>antiquiores</span> <span class='ocrx_word' id='word_1_137' title='bbox 1118 2054 1271 2125; x_wconf 76' lang='lat' dir='ltr'>scriptores</span> 
     </span>
    </p>
   </div>
   <div class='ocr_carea' id='block_1_7' title="bbox 103 2139 1270 2215">
    <p class='ocr_par' dir='ltr' id='par_1_8' title="bbox 103 2139 1270 2215">
     <span class='ocr_line' id='line_1_19' title="bbox 103 2139 1270 2215; baseline 0 -20"><span class='ocrx_word' id='word_1_138' title='bbox 103 2150 105 2154; x_wconf 77' lang='grc'>’</span> <span class='ocrx_word' id='word_1_139' title='bbox 181 2139 319 2208; x_wconf 86' lang='lat' dir='ltr'>Doricos,</span> <span class='ocrx_word' id='word_1_140' title='bbox 342 2155 377 2194; x_wconf 89' lang='lat' dir='ltr'>ne</span> <span class='ocrx_word' id='word_1_141' title='bbox 393 2139 503 2195; x_wconf 87' lang='lat' dir='ltr'>Siculos</span> <span class='ocrx_word' id='word_1_142' title='bbox 525 2141 638 2210; x_wconf 87' lang='lat' dir='ltr'>quidem</span> <span class='ocrx_word' id='word_1_143' title='bbox 654 2141 851 2213; x_wconf 83' lang='lat' dir='ltr'>Epicharmum</span> <span class='ocrx_word' id='word_1_144' title='bbox 872 2153 900 2196; x_wconf 86' lang='lat' dir='ltr'>et</span> <span class='ocrx_word' id='word_1_145' title='bbox 915 2141 1103 2215; x_wconf 86' lang='lat' dir='ltr'>Sophronem,</span> <span class='ocrx_word' id='word_1_146' title='bbox 1126 2158 1217 2209; x_wconf 89' lang='lat' dir='ltr'>neque</span> <span class='ocrx_word' id='word_1_147' title='bbox 1241 2143 1270 2196; x_wconf 91' lang='lat' dir='ltr'>in</span> 
     </span>
    </p>
   </div>
   <div class='ocr_carea' id='block_1_8' title="bbox 139 2225 1345 3601">
    <p class='ocr_par' dir='ltr' id='par_1_9' title="bbox 139 2225 1345 3601">
     <span class='ocr_line' id='line_1_20' title="bbox 183 2225 1269 2298; baseline 0.001 -17"><span class='ocrx_word' id='word_1_148' title='bbox 183 2226 250 2281; x_wconf 90' lang='lat' dir='ltr'>ullls</span> <span class='ocrx_word' id='word_1_149' title='bbox 267 2225 355 2280; x_wconf 87' lang='lat' dir='ltr'>titulis</span> <span class='ocrx_word' id='word_1_150' title='bbox 371 2227 500 2296; x_wconf 88' lang='lat' dir='ltr'>Doricis,</span> <span class='ocrx_word' id='word_1_151' title='bbox 523 2237 567 2296; x_wconf 89' lang='lat' dir='ltr'>et,</span> <span class='ocrx_word' id='word_1_152' title='bbox 588 2244 672 2295; x_wconf 85' lang='lat' dir='ltr'>quum</span> <span class='ocrx_word' id='word_1_153' title='bbox 689 2239 833 2298; x_wconf 74' lang='lat' dir='ltr'>praeterea</span> <span class='ocrx_word' id='word_1_154' title='bbox 850 2227 925 2282; x_wconf 89' lang='lat' dir='ltr'>omni</span> <span class='ocrx_word' id='word_1_155' title='bbox 942 2227 1070 2296; x_wconf 84' lang='lat' dir='ltr'>analogia</span> <span class='ocrx_word' id='word_1_156' title='bbox 1086 2239 1194 2298; x_wconf 85' lang='lat' dir='ltr'>carent,</span> <span class='ocrx_word' id='word_1_157' title='bbox 1223 2243 1269 2282; x_wconf 83' lang='lat' dir='ltr'>re·</span> 
     </span>
     <span class='ocr_line' id='line_1_21' title="bbox 181 2311 1267 2386; baseline 0.002 -20"><span class='ocrx_word' id='word_1_158' title='bbox 181 2311 314 2367; x_wconf 82' lang='lat' dir='ltr'>centioris</span> <span class='ocrx_word' id='word_1_159' title='bbox 337 2312 463 2368; x_wconf 86' lang='lat' dir='ltr'>Dorismi</span> <span class='ocrx_word' id='word_1_160' title='bbox 489 2315 664 2386; x_wconf 82' lang='lat' dir='ltr'>corruptelae</span> <span class='ocrx_word' id='word_1_161' title='bbox 690 2313 787 2369; x_wconf 89' lang='lat' dir='ltr'>deberi</span> <span class='ocrx_word' id='word_1_162' title='bbox 810 2313 938 2382; x_wconf 82' lang='lat' dir='ltr'>videtur,</span> <span class='ocrx_word' id='word_1_163' title='bbox 960 2323 991 2370; x_wconf 86' lang='lat' dir='ltr'>ut</span> <span class='ocrx_word' id='word_1_164' title='bbox 1010 2311 1193 2370; x_wconf 68' lang='lat' dir='ltr'>loetum·</span> <span class='ocrx_word' id='word_1_165' title='bbox 1213 2329 1267 2385; x_wconf 93' lang='lat' dir='ltr'>pro</span> 
     </span>
     <span class='ocr_line' id='line_1_22' title="bbox 180 2394 1263 2474; baseline 0 -20"><span class='ocrx_word' id='word_1_166' title='bbox 180 2394 349 2455; x_wconf 60' lang='lat' dir='ltr'>estruem</span> <span class='ocrx_word' id='word_1_167' title='bbox 368 2400 398 2455; x_wconf 93' lang='lat' dir='ltr'>in</span> <span class='ocrx_word' id='word_1_168' title='bbox 421 2400 503 2458; x_wconf 89' lang='lat' dir='ltr'>titulo</span> <span class='ocrx_word' id='word_1_169' title='bbox 520 2401 631 2457; x_wconf 78' lang='lat' dir='ltr'>cretico</span> <span class='ocrx_word' id='word_1_170' title='bbox 648 2401 679 2456; x_wconf 87' lang='lat' dir='ltr'>C.</span> <span class='ocrx_word' id='word_1_171' title='bbox 692 2401 721 2458; x_wconf 75' lang='lat'>⁶1.</span> <span class='ocrx_word' id='word_1_172' title='bbox 744 2416 786 2456; x_wconf 89' lang='lat' dir='ltr'>nr.</span> <span class='ocrx_word' id='word_1_173' title='bbox 804 2403 882 2458; x_wconf 80' lang='lat'><strong>3⁰5⁰.</strong></span> <span class='ocrx_word' id='word_1_174' title='bbox 934 2400 1046 2456; x_wconf 90' lang='lat' dir='ltr'>Deinde</span> <span class='ocrx_word' id='word_1_175' title='bbox 1068 2399 1179 2474; x_wconf 61' lang='grc' dir='ltr'>ἐπῶρσε</span> <span class='ocrx_word' id='word_1_176' title='bbox 1202 2401 1221 2456; x_wconf 92' lang='lat' dir='ltr'>i.</span> <span class='ocrx_word' id='word_1_177' title='bbox 1238 2417 1263 2455; x_wconf 88' lang='lat' dir='ltr'>e.</span> 
     </span>
     <span class='ocr_line' id='line_1_23' title="bbox 180 2483 1265 2558; baseline -0.001 -16"><span class='ocrx_word' id='word_1_178' title='bbox 180 2483 287 2557; x_wconf 79' lang='lat' dir='ltr'>dplspot</span> <span class='ocrx_word' id='word_1_179' title='bbox 306 2487 331 2542; x_wconf 85' lang='lat' dir='ltr'>si</span> <span class='ocrx_word' id='word_1_180' title='bbox 350 2505 404 2542; x_wconf 90' lang='lat' dir='ltr'>non</span> <span class='ocrx_word' id='word_1_181' title='bbox 421 2503 493 2543; x_wconf 82' lang='lat' dir='ltr'>nove</span> <span class='ocrx_word' id='word_1_182' title='bbox 509 2505 580 2557; x_wconf 83' lang='lat' dir='ltr'>vox,</span> <span class='ocrx_word' id='word_1_183' title='bbox 606 2505 694 2552; x_wconf 84' lang='lat' dir='ltr'>norae</span> <span class='ocrx_word' id='word_1_184' title='bbox 711 2499 786 2543; x_wconf 90' lang='lat' dir='ltr'>certe</span> <span class='ocrx_word' id='word_1_185' title='bbox 807 2487 1021 2558; x_wconf 81' lang='lat' dir='ltr'>significationis</span> <span class='ocrx_word' id='word_1_186' title='bbox 1041 2498 1083 2544; x_wconf 74' lang='lat' dir='ltr'>ast</span> <span class='ocrx_word' id='word_1_187' title='bbox 1100 2505 1189 2556; x_wconf 83' lang='lat' dir='ltr'>neque</span> <span class='ocrx_word' id='word_1_188' title='bbox 1207 2491 1265 2556; x_wconf 84' lang='lat' dir='ltr'>ejus</span> 
     </span>
     <span class='ocr_line' id='line_1_24' title="bbox 180 2563 1264 2658; baseline 0.002 -31"><span class='ocrx_word' id='word_1_189' title='bbox 180 2573 263 2628; x_wconf 84' lang='lat' dir='ltr'>unlde</span> <span class='ocrx_word' id='word_1_190' title='bbox 279 2574 444 2645; x_wconf 84' lang='lat' dir='ltr'>probabilis.</span> <span class='ocrx_word' id='word_1_191' title='bbox 484 2576 616 2644; x_wconf 85' lang='lat' dir='ltr'>Denique</span> <span class='ocrx_word' id='word_1_192' title='bbox 632 2563 687 2630; x_wconf 80' lang='lat' dir='ltr'>noir</span> <span class='ocrx_word' id='word_1_193' title='bbox 704 2575 833 2658; x_wconf 80' lang='lat' dir='ltr'>ierimus,</span> <span class='ocrx_word' id='word_1_194' title='bbox 860 2575 951 2645; x_wconf 89' lang='lat' dir='ltr'>quod,</span> <span class='ocrx_word' id='word_1_195' title='bbox 977 2575 1026 2644; x_wconf 90' lang='lat' dir='ltr'>qui</span> <span class='ocrx_word' id='word_1_196' title='bbox 1044 2576 1151 2630; x_wconf 81' lang='lat' dir='ltr'>tabulas</span> <span class='ocrx_word' id='word_1_197' title='bbox 1168 2574 1264 2644; x_wconf 81' lang='lat' dir='ltr'>laedit,</span> 
     </span>
     <span class='ocr_line' id='line_1_25' title="bbox 179 2659 1345 2734; baseline 0.007 -22"><span class='ocrx_word' id='word_1_198' title='bbox 179 2659 276 2713; x_wconf 83' lang='lat' dir='ltr'>eadem</span> <span class='ocrx_word' id='word_1_199' title='bbox 294 2663 380 2716; x_wconf 86' lang='lat' dir='ltr'>multa</span> <span class='ocrx_word' id='word_1_200' title='bbox 396 2661 539 2731; x_wconf 83' lang='lat' dir='ltr'>multetur,</span> <span class='ocrx_word' id='word_1_201' title='bbox 563 2680 618 2732; x_wconf 84' lang='lat' dir='ltr'>qun</span> <span class='ocrx_word' id='word_1_202' title='bbox 634 2663 682 2731; x_wconf 92' lang='lat' dir='ltr'>qul</span> <span class='ocrx_word' id='word_1_203' title='bbox 701 2661 799 2717; x_wconf 86' lang='lat' dir='ltr'>loedus</span> <span class='ocrx_word' id='word_1_204' title='bbox 817 2663 910 2719; x_wconf 81' lang='lat' dir='ltr'>violat.</span> <span class='ocrx_word' id='word_1_205' title='bbox 946 2659 1108 2717; x_wconf 81' lang='lat' dir='ltr'>Boeclrllius</span> <span class='ocrx_word' id='word_1_206' title='bbox 1124 2671 1266 2734; x_wconf 79' lang='lat' dir='ltr'>comparat</span> <span class='ocrx_word' id='word_1_207' title='bbox 1336 2708 1345 2720; x_wconf 85' lang='grc'><em>,</em></span> 
     </span>
     <span class='ocr_line' id='line_1_26' title="bbox 179 2743 1266 2818; baseline 0.006 -20"><span class='ocrx_word' id='word_1_208' title='bbox 179 2743 256 2800; x_wconf 86' lang='lat' dir='ltr'>diras</span> <span class='ocrx_word' id='word_1_209' title='bbox 272 2745 404 2816; x_wconf 73' lang='lat' dir='ltr'>Teiorum</span> <span class='ocrx_word' id='word_1_210' title='bbox 420 2749 452 2803; x_wconf 82' lang='lat' dir='ltr'>C.</span> <span class='ocrx_word' id='word_1_211' title='bbox 470 2750 493 2804; x_wconf 91' lang='lat'>1.</span> <span class='ocrx_word' id='word_1_212' title='bbox 511 2751 595 2818; x_wconf 78' lang='grc'><strong>3044,</strong></span> <span class='ocrx_word' id='word_1_213' title='bbox 613 2749 661 2804; x_wconf 90' lang='lat' dir='ltr'>nbi</span> <span class='ocrx_word' id='word_1_214' title='bbox 680 2749 778 2804; x_wconf 83' lang='lat' dir='ltr'>iisdem</span> <span class='ocrx_word' id='word_1_215' title='bbox 796 2749 867 2804; x_wconf 85' lang='lat' dir='ltr'>diris</span> <span class='ocrx_word' id='word_1_216' title='bbox 884 2749 1073 2818; x_wconf 83' lang='lat' dir='ltr'>devoventur,</span> <span class='ocrx_word' id='word_1_217' title='bbox 1091 2749 1141 2817; x_wconf 89' lang='lat' dir='ltr'>qui</span> <span class='ocrx_word' id='word_1_218' title='bbox 1158 2749 1266 2804; x_wconf 80' lang='lat' dir='ltr'>tubulas</span> 
     </span>
     <span class='ocr_line' id='line_1_27' title="bbox 180 2831 1266 2905; baseline 0.006 -19"><span class='ocrx_word' id='word_1_219' title='bbox 180 2831 309 2886; x_wconf 81' lang='lat' dir='ltr'>laeserint</span> <span class='ocrx_word' id='word_1_220' title='bbox 325 2842 353 2888; x_wconf 84' lang='lat' dir='ltr'>et</span> <span class='ocrx_word' id='word_1_221' title='bbox 370 2832 420 2900; x_wconf 85' lang='lat' dir='ltr'>qui</span> <span class='ocrx_word' id='word_1_222' title='bbox 437 2834 585 2890; x_wconf 85' lang='lat' dir='ltr'>civitatem.</span> <span class='ocrx_word' id='word_1_223' title='bbox 620 2839 658 2890; x_wconf 80' lang='lat' dir='ltr'>nt</span> <span class='ocrx_word' id='word_1_224' title='bbox 673 2837 827 2892; x_wconf 82' lang='lat' dir='ltr'>exsecratio</span> <span class='ocrx_word' id='word_1_225' title='bbox 845 2839 919 2905; x_wconf 85' lang='lat' dir='ltr'>ejus,</span> <span class='ocrx_word' id='word_1_226' title='bbox 937 2837 987 2904; x_wconf 91' lang='lat' dir='ltr'>qui</span> <span class='ocrx_word' id='word_1_227' title='bbox 1005 2835 1123 2890; x_wconf 84' lang='lat' dir='ltr'>tabulam</span> <span class='ocrx_word' id='word_1_228' title='bbox 1141 2835 1266 2892; x_wconf 71' lang='lat' dir='ltr'>laesurus</span> 
     </span>
     <span class='ocr_line' id='line_1_28' title="bbox 176 2915 1263 2992; baseline 0.006 -22"><span class='ocrx_word' id='word_1_229' title='bbox 176 2915 228 2984; x_wconf 83' lang='lat' dir='ltr'>sit,</span> <span class='ocrx_word' id='word_1_230' title='bbox 255 2927 335 2987; x_wconf 74' lang='lat' dir='ltr'>apte,</span> <span class='ocrx_word' id='word_1_231' title='bbox 361 2934 416 2972; x_wconf 93' lang='lat' dir='ltr'>non</span> <span class='ocrx_word' id='word_1_232' title='bbox 434 2931 498 2992; x_wconf 84' lang='lat' dir='ltr'>apte</span> <span class='ocrx_word' id='word_1_233' title='bbox 514 2923 599 2977; x_wconf 83' lang='lat' dir='ltr'>multe</span> <span class='ocrx_word' id='word_1_234' title='bbox 616 2931 724 2977; x_wconf 86' lang='lat' dir='ltr'>centum</span> <span class='ocrx_word' id='word_1_235' title='bbox 741 2921 904 2979; x_wconf 85' lang='lat' dir='ltr'>talentorum</span> <span class='ocrx_word' id='word_1_236' title='bbox 922 2922 1026 2976; x_wconf 84' lang='lat' dir='ltr'>homini</span> <span class='ocrx_word' id='word_1_237' title='bbox 1039 2923 1161 2992; x_wconf 52' lang='lat' dir='ltr'>*sortasse</span> <span class='ocrx_word' id='word_1_238' title='bbox 1178 2937 1263 2992; x_wconf 79' lang='lat' dir='ltr'>egen·</span> 
     </span>
     <span class='ocr_line' id='line_1_29' title="bbox 178 3000 1264 3080; baseline 0.007 -24"><span class='ocrx_word' id='word_1_239' title='bbox 178 3000 284 3056; x_wconf 88' lang='lat' dir='ltr'>tissimo</span> <span class='ocrx_word' id='word_1_240' title='bbox 301 3002 449 3073; x_wconf 76' lang='lat' dir='ltr'>irrogatur.</span> <span class='ocrx_word' id='word_1_241' title='bbox 485 3007 580 3063; x_wconf 86' lang='lat' dir='ltr'>illinus</span> <span class='ocrx_word' id='word_1_242' title='bbox 596 3007 678 3062; x_wconf 76' lang='lat' dir='ltr'>etis·</span> <span class='ocrx_word' id='word_1_243' title='bbox 695 3009 820 3080; x_wconf 88' lang='lat' dir='ltr'>placent,</span> <span class='ocrx_word' id='word_1_244' title='bbox 841 3027 912 3078; x_wconf 87' lang='lat' dir='ltr'>quae</span> <span class='ocrx_word' id='word_1_245' title='bbox 930 3011 1103 3064; x_wconf 88' lang='lat' dir='ltr'>llermnnnns</span> <span class='ocrx_word' id='word_1_246' title='bbox 1120 3011 1264 3080; x_wconf 81' lang='lat' dir='ltr'>excogite-</span> 
     </span>
     <span class='ocr_line' id='line_1_30' title="bbox 177 3086 1264 3170; baseline 0.008 -29"><span class='ocrx_word' id='word_1_247' title='bbox 177 3086 227 3144; x_wconf 83' lang='lat' dir='ltr'>rit.</span> <span class='ocrx_word' id='word_1_248' title='bbox 262 3087 355 3144; x_wconf 80' lang='lat' dir='ltr'>Quare</span> <span class='ocrx_word' id='word_1_249' title='bbox 376 3107 474 3147; x_wconf 87' lang='lat' dir='ltr'>novam</span> <span class='ocrx_word' id='word_1_250' title='bbox 497 3092 751 3166; x_wconf 87' lang='lat' dir='ltr'>interpretationem</span> <span class='ocrx_word' id='word_1_251' title='bbox 773 3111 931 3168; x_wconf 87' lang='lat' dir='ltr'>proponere</span> <span class='ocrx_word' id='word_1_252' title='bbox 953 3096 1013 3151; x_wconf 87' lang='lat' dir='ltr'>ausi</span> <span class='ocrx_word' id='word_1_253' title='bbox 1031 3111 1139 3167; x_wconf 84' lang='lat' dir='ltr'>sumus,</span> <span class='ocrx_word' id='word_1_254' title='bbox 1165 3094 1196 3152; x_wconf 73' lang='lat' dir='ltr'>dv</span> <span class='ocrx_word' id='word_1_255' title='bbox 1210 3093 1264 3170; x_wconf 65' lang='grc' dir='ltr'>σῃ·-</span> 
     </span>
     <span class='ocr_line' id='line_1_31' title="bbox 177 3171 1262 3255; baseline 0.011 -28"><span class='ocrx_word' id='word_1_256' title='bbox 177 3171 268 3244; x_wconf 70' lang='lat' dir='ltr'>aeroipp</span> <span class='ocrx_word' id='word_1_257' title='bbox 291 3173 431 3244; x_wconf 83' lang='lat' dir='ltr'>legentes,</span> <span class='ocrx_word' id='word_1_258' title='bbox 468 3179 544 3247; x_wconf 88' lang='lat' dir='ltr'>quod</span> <span class='ocrx_word' id='word_1_259' title='bbox 567 3195 585 3234; x_wconf 87' lang='lat' dir='ltr'>e</span> <span class='ocrx_word' id='word_1_260' title='bbox 608 3177 645 3248; x_wconf 77' lang='grc' dir='ltr'>τᾷ</span> <span class='ocrx_word' id='word_1_261' title='bbox 665 3179 769 3254; x_wconf 72' lang='grc' dir='ltr'><strong><em>ἕπιᾶρῳ</em></strong></span> <span class='ocrx_word' id='word_1_262' title='bbox 787 3183 894 3239; x_wconf 87' lang='lat' dir='ltr'>Dorico</span> <span class='ocrx_word' id='word_1_263' title='bbox 918 3194 995 3239; x_wconf 76' lang='lat' dir='ltr'>more</span> <span class='ocrx_word' id='word_1_264' title='bbox 1012 3193 1103 3238; x_wconf 87' lang='lat' dir='ltr'>natum</span> <span class='ocrx_word' id='word_1_265' title='bbox 1126 3193 1262 3255; x_wconf 84' lang='lat' dir='ltr'>putamus.</span> 
     </span>
     <span class='ocr_line' id='line_1_32' title="bbox 175 3259 1265 3342; baseline 0.01 -28"><span class='ocrx_word' id='word_1_266' title='bbox 175 3259 239 3315; x_wconf 82' lang='lat' dir='ltr'>Junr</span> <span class='ocrx_word' id='word_1_267' title='bbox 256 3277 322 3315; x_wconf 85' lang='lat' dir='ltr'>vero</span> <span class='ocrx_word' id='word_1_268' title='bbox 339 3259 450 3336; x_wconf 58' lang='grc' dir='ltr'>ἐπῶρσε</span> <span class='ocrx_word' id='word_1_269' title='bbox 467 3273 527 3320; x_wconf 76' lang='lat' dir='ltr'>c&#39;urn</span> <span class='ocrx_word' id='word_1_270' title='bbox 543 3267 691 3323; x_wconf 81' lang='lat' dir='ltr'>Boeekhio</span> <span class='ocrx_word' id='word_1_271' title='bbox 716 3287 769 3342; x_wconf 93' lang='lat' dir='ltr'>pro</span> <span class='ocrx_word' id='word_1_272' title='bbox 786 3267 906 3341; x_wconf 72' lang='lat' dir='ltr'>iplrpoc,</span> <span class='ocrx_word' id='word_1_273' title='bbox 932 3269 982 3325; x_wconf 80' lang='lat' dir='ltr'>sed</span> <span class='ocrx_word' id='word_1_274' title='bbox 1008 3269 1090 3332; x_wconf 81' lang='lat' dir='ltr'>simul</span> <span class='ocrx_word' id='word_1_275' title='bbox 1112 3265 1131 3324; x_wconf 83' lang='lat' dir='ltr'>ri</span> <span class='ocrx_word' id='word_1_276' title='bbox 1151 3265 1265 3342; x_wconf 66' lang='lat' dir='ltr'>intueor</span> 
     </span>
     <span class='ocr_line' id='line_1_33' title="bbox 139 3345 1263 3428; baseline 0.012 -29"><span class='ocrx_word' id='word_1_277' title='bbox 139 3367 146 3378; x_wconf 95' lang='lat'><em>·</em></span> <span class='ocrx_word' id='word_1_278' title='bbox 176 3361 230 3400; x_wconf 90' lang='lat' dir='ltr'>non</span> <span class='ocrx_word' id='word_1_279' title='bbox 249 3345 389 3404; x_wconf 81' lang='lat' dir='ltr'>diversum</span> <span class='ocrx_word' id='word_1_280' title='bbox 411 3366 472 3406; x_wconf 86' lang='lat' dir='ltr'>esse</span> <span class='ocrx_word' id='word_1_281' title='bbox 489 3361 614 3424; x_wconf 84' lang='lat' dir='ltr'>putemus</span> <span class='ocrx_word' id='word_1_282' title='bbox 630 3355 665 3409; x_wconf 88' lang='lat' dir='ltr'>ab</span> <span class='ocrx_word' id='word_1_283' title='bbox 682 3353 787 3426; x_wconf 70' lang='lat' dir='ltr'>lunoni,</span> <span class='ocrx_word' id='word_1_284' title='bbox 815 3357 872 3412; x_wconf 87' lang='lat' dir='ltr'>vid.</span> <span class='ocrx_word' id='word_1_285' title='bbox 896 3358 920 3425; x_wconf 63' lang='lat' dir='ltr'>d.</span> <span class='ocrx_word' id='word_1_286' title='bbox 938 3357 971 3426; x_wconf 82' lang='lat' dir='ltr'>l,</span> <span class='ocrx_word' id='word_1_287' title='bbox 988 3359 1014 3414; x_wconf 79' lang='lat' dir='ltr'>u.</span> <span class='ocrx_word' id='word_1_288' title='bbox 1032 3372 1054 3411; x_wconf 83' lang='lat' dir='ltr'>s.</span> <span class='ocrx_word' id='word_1_289' title='bbox 1073 3373 1099 3410; x_wconf 81' lang='lat' dir='ltr'>u.</span> <span class='ocrx_word' id='word_1_290' title='bbox 1125 3354 1198 3428; x_wconf 59' lang='lat' dir='ltr'>teor,-</span> <span class='ocrx_word' id='word_1_291' title='bbox 1224 3357 1263 3412; x_wconf 85' lang='lat' dir='ltr'>de</span> 
     </span>
     <span class='ocr_line' id='line_1_34' title="bbox 157 3433 1263 3515; baseline 0.012 -30"><span class='ocrx_word' id='word_1_292' title='bbox 157 3433 158 3436; x_wconf 75' lang='grc'>’</span> <span class='ocrx_word' id='word_1_293' title='bbox 175 3433 366 3490; x_wconf 73' lang='lat' dir='ltr'>terminatione</span> <span class='ocrx_word' id='word_1_294' title='bbox 389 3447 490 3494; x_wconf 74' lang='lat' dir='ltr'>mumtn</span> <span class='ocrx_word' id='word_1_295' title='bbox 511 3441 668 3498; x_wconf 83' lang='lat' dir='ltr'>conseratur</span> <span class='ocrx_word' id='word_1_296' title='bbox 693 3455 804 3514; x_wconf 75' lang='lat' dir='ltr'>praeter</span> <span class='ocrx_word' id='word_1_297' title='bbox 824 3444 881 3499; x_wconf 88' lang='lat' dir='ltr'>aliu</span> <span class='ocrx_word' id='word_1_298' title='bbox 901 3439 919 3498; x_wconf 82' lang='lat' dir='ltr'>ui</span> <span class='ocrx_word' id='word_1_299' title='bbox 941 3441 1103 3515; x_wconf 65' lang='lat' dir='ltr'>ooipppepoe</span> <span class='ocrx_word' id='word_1_300' title='bbox 1123 3443 1153 3498; x_wconf 88' lang='lat' dir='ltr'>in</span> <span class='ocrx_word' id='word_1_301' title='bbox 1178 3443 1263 3499; x_wconf 86' lang='lat' dir='ltr'>titulo</span> 
     </span>
     <span class='ocr_line' id='line_1_35' title="bbox 174 3517 1262 3601; baseline 0.014 -30"><span class='ocrx_word' id='word_1_302' title='bbox 174 3517 308 3574; x_wconf 86' lang='lat' dir='ltr'>Boeotico</span> <span class='ocrx_word' id='word_1_303' title='bbox 328 3523 408 3591; x_wconf 81' lang='lat'>1569,</span> <span class='ocrx_word' id='word_1_304' title='bbox 431 3539 447 3578; x_wconf 92' lang='lat' dir='ltr'>a</span> <span class='ocrx_word' id='word_1_305' title='bbox 469 3543 521 3596; x_wconf 92' lang='lat' dir='ltr'>pro</span> <span class='ocrx_word' id='word_1_306' title='bbox 544 3527 690 3601; x_wconf 69' lang='grc' dir='ltr'>σηγραφῆ.</span> <span class='ocrx_word' id='word_1_307' title='bbox 729 3531 864 3587; x_wconf 85' lang='lat' dir='ltr'>Formule&#39;</span> <span class='ocrx_word' id='word_1_308' title='bbox 884 3546 938 3586; x_wconf 89' lang='lat' dir='ltr'>non</span> <span class='ocrx_word' id='word_1_309' title='bbox 956 3531 1013 3585; x_wconf 78' lang='lat' dir='ltr'>alia</span> <span class='ocrx_word' id='word_1_310' title='bbox 1028 3541 1114 3598; x_wconf 85' lang='lat' dir='ltr'>etque</span> <span class='ocrx_word' id='word_1_311' title='bbox 1131 3529 1159 3586; x_wconf 92' lang='lat' dir='ltr'>in</span> <span class='ocrx_word' id='word_1_312' title='bbox 1179 3530 1262 3586; x_wconf 87' lang='lat' dir='ltr'>Diris</span> 
     </span>
    </p>
   </div>
   <div class='ocr_carea' id='block_1_9' title="bbox 61 3603 1260 3693">
    <p class='ocr_par' dir='ltr' id='par_1_10' title="bbox 61 3603 1260 3693">
     <span class='ocr_line' id='line_1_36' title="bbox 61 3603 1260 3693; baseline -0.003 -19"><span class='ocrx_word' id='word_1_313' title='bbox 61 3656 70 3664; x_wconf 93' lang='lat'>.</span> <span class='ocrx_word' id='word_1_314' title='bbox 173 3603 305 3673; x_wconf 77' lang='lat' dir='ltr'>Teiorum</span> <span class='ocrx_word' id='word_1_315' title='bbox 321 3607 353 3662; x_wconf 91' lang='lat' dir='ltr'>c.</span> <span class='ocrx_word' id='word_1_316' title='bbox 371 3609 393 3662; x_wconf 91' lang='lat' dir='ltr'>r.</span> <span class='ocrx_word' id='word_1_317' title='bbox 411 3611 495 3682; x_wconf 78' lang='lat' dir='ltr'>sorr,</span> <span class='ocrx_word' id='word_1_318' title='bbox 512 3615 546 3671; x_wconf 80' lang='lat' dir='ltr'>er</span> <span class='ocrx_word' id='word_1_319' title='bbox 563 3613 594 3671; x_wconf 67' lang='lat' dir='ltr'>tv</span> <span class='ocrx_word' id='word_1_320' title='bbox 609 3611 720 3693; x_wconf 61' lang='grc' dir='ltr'><strong><em>«ἤπιρῇ</em></strong></span> <span class='ocrx_word' id='word_1_321' title='bbox 734 3617 859 3684; x_wconf 58' lang='lat' dir='ltr'>ezaon,</span> <span class='ocrx_word' id='word_1_322' title='bbox 884 3617 1020 3674; x_wconf 64' lang='lat' dir='ltr'>oncense</span> <span class='ocrx_word' id='word_1_323' title='bbox 1036 3617 1118 3672; x_wconf 62' lang='lat' dir='ltr'>noem</span> <span class='ocrx_word' id='word_1_324' title='bbox 1143 3617 1173 3671; x_wconf 71' lang='lat' dir='ltr'>er</span> <span class='ocrx_word' id='word_1_325' title='bbox 1196 3615 1260 3686; x_wconf 80' lang='lat' dir='ltr'>qur</span> 
     </span>
    </p>
   </div>
   <div class='ocr_carea' id='block_1_10' title="bbox 173 3689 1260 3850">
    <p class='ocr_par' dir='ltr' id='par_1_11' title="bbox 173 3689 1260 3850">
     <span class='ocr_line' id='line_1_37' title="bbox 173 3689 1260 3790; baseline 0.015 -47"><span class='ocrx_word' id='word_1_326' title='bbox 173 3689 310 3790; x_wconf 49' lang='lat' dir='ltr'>teufilus</span> <span class='ocrx_word' id='word_1_327' title='bbox 341 3694 506 3771; x_wconf 86' lang='lat' dir='ltr'>laeserit,</span> <span class='ocrx_word' id='word_1_328' title='bbox 537 3701 795 3778; x_wconf 85' lang='lat' dir='ltr'>deprecatione</span> <span class='ocrx_word' id='word_1_329' title='bbox 824 3715 961 3764; x_wconf 85' lang='lat' dir='ltr'>tenetur</span> <span class='ocrx_word' id='word_1_330' title='bbox 989 3721 1045 3775; x_wconf 90' lang='lat' dir='ltr'>eo,</span> <span class='ocrx_word' id='word_1_331' title='bbox 1081 3703 1174 3776; x_wconf 85' lang='lat' dir='ltr'>quod</span> <span class='ocrx_word' id='word_1_332' title='bbox 1203 3704 1260 3759; x_wconf 87' lang='lat' dir='ltr'>hic</span> 
     </span>
     <span class='ocr_line' id='line_1_38' title="bbox 173 3787 420 3850; baseline 0.04 -20"><span class='ocrx_word' id='word_1_333' title='bbox 173 3787 420 3850; x_wconf 71' lang='lat' dir='ltr'>scriptumest.</span> 
     </span>
    </p>
   </div>
   <div class='ocr_carea' id='block_1_11' title="bbox 0 0 1422 4762">
    <p class='ocr_par' dir='ltr' id='par_1_12' title="bbox 0 0 1422 4762">
     <span class='ocr_line' id='line_1_39' title="bbox 0 0 1422 4762; baseline 0 6"><span class='ocrx_word' id='word_1_334' title='bbox 0 0 1422 4762; x_wconf 95' lang='lat' dir='ltr'> </span> 
     </span>
    </p>
   </div>
  </div>
 </body>
</html>
