2872 4780
395 387 400 398 ’
452 385 482 476 i.
518 391 576 468 19.
628 389 684 464 De
706 423 729 463 α
756 415 821 488 pro
846 423 878 478 η.
1145 388 1218 469 147

119 589 204 660 Nem
226 615 329 686 οσσισ
346 595 549 681 Thoracem,
572 597 630 687 qut
652 596 972 682 cunicmundi,
996 599 1080 666 dnos
1102 601 1219 668 fratres

119 697 277 764 hahuisse
308 709 453 784 constet,
485 699 690 790 Eurypylum
712 710 745 765 et
765 699 1029 789 Thrasydaeum,
1059 702 1144 769 nihil
1164 703 1221 769 ob·

120 809 207 882 stat,
239 800 330 892 quin
349 821 424 866 cunr
458 801 560 868 altero
592 825 721 868 comum
756 801 940 868 instituisse
971 815 1114 894 putetur.
1168 803 1222 872 De

121 901 246 992 plurali
267 902 431 994 participii
454 926 527 970 cnm
557 904 646 970 duali
671 905 790 992 juncto
817 903 964 990 videsis,
1000 929 1083 997 qnae
1104 907 1222 974 Thier·

6 1029 8 1106 J
61 1029 72 1040 ·
125 1003 239 1072 seirius
261 1004 409 1072 Gramm.
432 1005 464 1089 ᾖ.
489 1007 563 1084 307,
585 1007 607 1073 7
628 1020 703 1098 post
727 1005 909 1073 Bekkerum
932 1007 1119 1096 disputavit.

211 1106 419 1174 ἀπεσσούα
449 1110 484 1174 in
515 1108 726 1199 Hippocratis
757 1109 896 1198 epistole
930 1109 1094 1175 Laconica
1133 1107 1219 1197 (vid.

124 1207 296 1301 Append.)
325 1233 425 1299 quum
447 1211 488 1277 ab
511 1211 586 1276 aliis
608 1223 676 1276 tum
703 1209 962 1278 sValclrenario
984 1212 1023 1275 ad
1045 1211 1155 1278 Adon.
1186 1237 1219 1302 p.

124 1313 203 1397 264,
227 1313 279 1398 Α,
309 1337 406 1403 quem
429 1335 544 1379 omnes
566 1313 671 1379 secuti
693 1325 786 1392 sunt,
816 1336 876 1403 pro
899 1310 1058 1392 ἀπεσσύη,
1083 1314 1164 1381 Αοσ.
1188 1315 1222 1380 11

123 1437 216 1505 psss.
246 1415 368 1482 dietum
397 1413 557 1498 habetur,
595 1415 695 1507 idque
727 1415 868 1482 Batavus
900 1413 957 1480 ilic
991 1416 1223 1484 celeberrimus

124 1518 173 1584 ita
192 1515 350 1584 firmatum
373 1539 389 1582 a
413 1540 449 1582 se
470 1517 621 1608 putabat,
656 1529 693 1583 ut
719 1517 754 1584 iu
777 1532 941 1608 posterum
964 1519 1136 1586 mutationi
1157 1512 1223 1583 non

126 1631 217 1688 essct
244 1620 434 1688 obnoxium.
479 1617 584 1685 Nobis
610 1632 718 1686 tamen
745 1619 803 1686 iila
831 1645 896 1686 vox
926 1621 1031 1687 tribus
1053 1623 1093 1687 dc
1115 1621 1223 1687 causis
1295 1673 1298 1700 ,

128 1723 374 1815 suspectissima
396 1732 467 1804 est,
489 1723 629 1812 primum
652 1723 739 1813 quod
763 1721 905 1813 genuina
917 1721 1019 1790 Doris
1041 1724 1075 1789 in
1094 1722 1224 1790 coristis

127 1827 254 1917 passivi
286 1855 304 1905 η
333 1849 399 1891 uon
415 1819 548 1908 'mutat,
583 1824 700 1891 deinde
729 1825 817 1916 quod
839 1851 875 1890 ου
895 1847 956 1916 pro
977 1851 996 1890 ο
1017 1827 1160 1916 positum
1183 1825 1223 1891 ab

128 1929 232 2015 trnjns
260 1927 415 2019 epistolae
445 1937 547 1993 aetate
578 1925 719 1994 alienum
752 1927 902 2012 videtur,
942 1943 1105 2020 postremo
1137 1929 1225 2019 quod

129 2029 273 2097 aoriatns
294 2029 409 2108 ε’σσύην
430 2051 473 2095 nc
492 2029 639 2096 Graecus
661 2029 792 2121 quidem
813 2029 924 2095 haberi
947 2042 1064 2120 potest.
1109 2031 1225 2122 Neque

128 2133 189 2200 iiia
209 2133 301 2199 vocis
323 2133 427 2198 forms
449 2133 492 2199 ita
522 2133 681 2199 librorum
709 2132 900 2199 auctoritate
930 2135 1053 2198 munita
1081 2145 1150 2217 cst,
1189 2143 1226 2199 ut

129 2234 291 2301 dubitatio
313 2233 421 2300 omnis
442 2233 588 2323 praecisa
611 2234 665 2300 sit.
708 2233 810 2325 Apud
822 2235 1075 2324 Xenophontem
1090 2235 1223 2301 Hellen.

129 2339 165 2416 Ι,
188 2339 227 2420 1,
248 2337 291 2405 23
319 2337 397 2422 libri
427 2335 596 2400 ἀπεόσυται
618 2337 794 2428 praebent3
826 2335 913 2403 idem
937 2339 1015 2402 olim
1038 2339 1125 2427 apud
1145 2339 1226 2403 Piu-
1281 2335 1285 2342 '

129 2441 278 2507 tarcisnm
300 2437 471 2530 legebatur
492 2438 604 2505 Ateio.
629 2463 659 2504 c.
677 2440 739 2522 28,
763 2439 820 2504 uhi
844 2440 878 2504 in
900 2435 996 2505 libris
1018 2439 1227 2528 reperiuntur

130 2533 241 2609 variae
262 2543 422 2609 lectiones
446 2540 607 2606 cine'ooovo
629 2551 661 2608 et
684 2539 822 2606 ἀπε’σσου
846 2539 1006 2604 ducenum
1038 2539 1227 2623 (Sintcuisii

131 2645 311 2714 editionem
335 2643 498 2734 inspicere
521 2667 587 2710 non
610 2642 731 2728 licuit).
785 2641 977 2708 Eustathius
1006 2665 1038 2731 p.
1063 2643 1124 2726 63,
1150 2643 1166 2707 1
1196 2653 1229 2708 et

134 2748 237 2825 1792,
266 2747 286 2812 5
312 2769 353 2812 ex
380 2745 492 2812 eadem
521 2745 659 2834 epistola
686 2743 847 2810 ἀπεσσούα
876 2745 987 2830 affert,
1021 2745 1062 2810 ad
1091 2749 1229 2809 nodedun

133 2849 239 2944 (qnod
261 2849 425 2916 Laconico
447 2857 498 2915 cst
521 2853 661 2928 σοῦσθαι)
689 2847 724 2912 id
750 2847 913 2938 pertinere
940 2871 1005 2912 non
1034 2857 1121 2913 reete
1143 2845 1228 2912 orbi·

132 2965 238 3020 tratus
269 2963 301 3018 et
329 2975 389 3041 per
418 2945 625 3034 ἀφύρμησεο,
660 2949 797 3027 ἀπῆλθε,
829 2951 958 3028 τέθνηκε
987 2951 1226 3039 interpretatus.

132 3057 308 3124 Postremo
339 3055 403 3119 hnc
434 3063 602 3119 traxerunt
627 3051 784 3142 Hesychii
816 3053 957 3142 glossam
993 3051 1104 3117 ἀπεοιά
1137 3050 1227 3137 (cod.

134 3169 220 3226 teste
253 3155 408 3224 Schowio
440 3153 615 3237 ἀπεσσύα),
660 3155 763 3230 ἄνεσις
793 3159 846 3218 καῖ
879 3155 1017 3238 ἀπέδρα,
1058 3153 1226 3238 ἀπηλλάγη,

134 3261 323 3344 dominon,
346 3259 403 3324 nbi
426 3281 525 3348 quum
549 3258 674 3322 diversa
699 3255 855 3347 permixta
873 3281 945 3323 esse
964 3267 1150 3347 appareret,
1174 3277 1228 3319 ex·

134 3362 332 3456 plicationcs
362 3361 481 3446 cine'dpc
509 3383 601 3452 seqq.
634 3361 673 3424 ad
704 3358 864 3425 ἀπεσσούα
891 3370 1036 3447 spectare
1063 3367 1227 3448 putarunt.

135 3465 209 3535 Nos
230 3465 275 3531 ita
297 3463 511 3546 assentimus,
533 3473 569 3528 ut
590 3487 631 3528 cx
651 3463 819 3552 Hesychio
842 3462 1016 3551 genuinam
1038 3483 1149 3525 vocem
1171 3481 1229 3548 pro

137 3568 274 3635 barbara
295 3567 353 3633 iiia
376 3563 535 3632 ἀπεσσούα
556 3565 750 3631 eliciendam
779 3587 852 3629 csse
883 3565 1048 3628 ducamus.
1105 3561 1230 3650 Hippo·

138 3681 246 3739 eratcs
269 3667 356 3736 enim
379 3667 559 3733 ἀπέσπα
581 3667 754 3757 scripsisse
775 3667 903 3732 videtur
924 3665 946 3730 i.
960 3688 989 3729 e.
1011 3663 1145 3741 ἀπέστη,
1169 3685 1232 3751 qua

138 3775 176 3840 iu
199 3775 302 3839 forma
327 3797 346 3836 ο
369 3795 458 3837 morc
479 3771 697 3837 Doriensihus
720 3769 925 3860 potissimum
950 3768 1061 3856 paullo
1082 3764 1231 3832 incultio-

139 3875 233 3942 ribns
255 3873 409 3941 familiari
432 3875 628 3963 geminatum
651 3883 701 3939 est
722 3873 788 3939 vid.
809 3872 841 3956 ξ.
868 3872 920 3936 13.
973 3869 1019 3935 Ut
1041 3868 1124 3933 illud
1147 3868 1233 3958 apud

140 3978 346 4067 Hesychinm
368 4001 428 4066 per
450 3975 569 4061 ἀπέδρα
591 3987 652 4042 etc.
683 3976 882 4065 explicatur,
914 3973 955 4037 ita
986 3971 1139 4048 ἀποστάς,
1175 3995 1234 4052 ‹pv-

140 4081 223 4166 γών·
257 4081 416 4166 Αἴοχυλος
444 4081 476 4144 ἰν
502 4079 719 4162 Ἰσθμιασταῖς
747 4083 800 4141 καῖ
828 4075 998 4160 Ἀλκμήνῃ.
1055 4071 1235 4140 Obscurius

139 4185 246 4250 forma
268 4193 301 4248 et
321 4181 356 4246 in
380 4181 549 4247 ἀπέσσυταο
570 4194 602 4249 et
623 4181 657 4246 in
681 4179 841 4245 ἀπεσσούα
863 4189 1010 4268 corrupta
1033 4185 1092 4242 est.

206 4285 243 4362 b)
287 4283 410 4375 Siqua
438 4286 534 4352 verba
565 4283 598 4350 in
623 4309 662 4348 εοι
684 4285 832 4350 exeuntia
855 4281 1013 4349 Dor-ioum
1036 4306 1056 4342 α
1077 4303 1136 4371 pro
1157 4307 1176 4355 η
1200 4277 1234 4342 iu

981 4410 1039 4476 to·
