2866 4766
220 346 296 428 30⁰
593 351 651 422 De
676 346 940 448 conjugatione.

305 553 473 642 Abjicitcr
504 561 714 642 angmentum
744 575 810 618 non
839 551 946 642 magis
975 573 1073 644 quam
1101 551 1137 618 iu
1158 551 1326 638 Atthide3

220 658 303 725 adeo
323 656 467 746 Lysistr.
492 655 598 737 1252,
634 677 820 746 quanquam
841 653 877 720 in
898 655 1004 744 lyrico
1025 655 1168 721 carmina
1188 656 1326 744 politica

221 761 354 831 licentia
375 758 619 825 exeusationem
640 757 756 842 habet,
793 756 907 822 nescio
929 782 970 824 an
991 757 1151 846 πρόιροον
1171 757 1207 822 in
1229 759 1325 841 epui-

223 887 319 948 αροοι
340 861 458 926 mutari
476 860 635 950 oporteat,
659 858 748 949 quod
762 859 927 925 Laconica
941 883 1000 949 pro
1016 859 1199 944 προῦκροσε
1215 871 1321 926 esset.

305 962 648 1052 Pseudo-composita
679 972 890 1050 augmentum
924 961 1054 1052 vulgari
1086 961 1213 1027 ratione
1243 973 1324 1050 pout

221 1067 496 1157 praepositionem
528 1063 694 1153 accipiunt
728 1066 830 1130 lraccs
874 1063 1031 1130 ἐπεστάτει
1060 1063 1183 1152 Astpp.
1217 1063 1319 1130 248³.

220 1169 325 1254 2484,
361 1166 552 1251 ἄμφεσβάτει
581 1165 689 1232 lllrod.
712 1166 818 1250 29⁰5,
851 1166 919 1232 nisi
947 1166 1001 1231 lric
1021 1166 1131 1256 potius
1154 1191 1175 1229 α
1196 1165 1322 1253 produ·

221 1279 308 1334 ctum
337 1281 407 1352 est,
442 1279 478 1335 ut
506 1279 716 1359 augmentum
746 1267 868 1358 duplex
897 1269 942 1336 sit
962 1265 1125 1360 quomodo
1147 1267 1182 1332 in
1203 1267 1322 1334 Attica

221 1371 455 1454 ἦμφεσβοὶιουι.
510 1369 633 1436 Contra
664 1370 699 1434 in
723 1370 980 1455 ἀπελευθερωσαν
1000 1369 1104 1435 Plroc.
1128 1371 1190 1448 74,
1213 1369 1235 1436 l)
1258 1370 1321 1452 ll„

221 1473 279 1538 ubi
298 1473 376 1540 item
400 1501 420 1537 α
441 1473 580 1563 produci
601 1473 746 1556 videtur,
780 1483 908 1562 praeter
929 1472 1224 1552 consuetudinem,
1259 1471 1322 1537 sed

221 1575 270 1642 rei
292 1575 542 1644 convenientius
564 1585 773 1662 augmentum
796 1575 892 1642 initio
915 1573 1071 1662 accessit3
1099 1574 1222 1664 quippe
1244 1573 1320 1637 εἱειε-

223 1683 364 1764 λευθεροῖ
384 1679 424 1744 ab
447 1677 656 1762 ἀπελεύθερος
684 1677 882 1760 derivatum,
914 1701 979 1743 non
1010 1677 1144 1744 extat
1173 1688 1204 1743 et
1231 1678 1321 1740 ἐλευ-

221 1785 310 1866 θεροῖ
339 1779 554 1870 compositum
577 1791 646 1866 εει,
690 1780 904 1865 ἐμπορευόμαν
926 1781 1071 1846 Acharn.
1095 1777 1160 1846 720
1186 1777 1238 1858 (alr
1260 1776 1319 1859 ἐμ-

222 1885 337 1966 πορος)
369 1905 444 1948 cum
476 1883 598 1948 Atticis
628 1882 779 1968 ἐγγὺησα,
814 1884 1017 1961 ἐκκλησίαζον
1049 1881 1185 1961 (Buttm.
1216 1879 1248 1962 ὃ.
1271 1879 1320 1947 86

221 1997 288 2050 not.
314 1985 348 2066 5)
377 1987 638 2076 componendum
668 1995 740 2070 εει,
785 1981 1066 2072 ἐπροχειριξάμεθα
1092 1983 1241 2050 Archim.
1276 1981 1319 2048 de

222 2085 348 2169 Quadr.
371 2087 490 2152 Parab.
521 2111 555 2175 p.
580 2087 622 2151 17
654 2092 687 2166 (a
708 2085 895 2172 πρόχειρος)
926 2085 1101 2178 genuinam
1129 2087 1237 2176 legem
1268 2108 1314 2151 se·

221 2187 353 2278 quitur,
375 2189 420 2252 cl'.
444 2187 484 2252 dc
505 2186 644 2276 perlecti
665 2192 893 2276 augmento-§.
917 2189 980 2274 35,
1001 2191 1034 2256 2.

305 2287 340 2376 9)
384 2290 599 2355 Accentus
618 2289 792 2357 verborum
814 2291 940 2382 duplici
961 2291 1167 2383 potissimum
1190 2291 1317 2358 ratione

221 2393 390 2483 avulgari
413 2394 651 2461 consuetudine
677 2393 812 2460 recedit.
869 2394 1016 2460 Primum
1047 2393 1240 2460 certissimis
1272 2405 1316 2460 te·

222 2495 386 2565 stimoniis
407 2507 554 2580 constat,
591 2497 704 2562 tertias
725 2496 871 2586 plurales
891 2496 1136 2586 praeteritorum
1157 2495 1316 2583 adjectivi

151 2641 154 2651 ,
222 2599 258 2663 in
281 2599 435 2667 omnibus
465 2599 752 2687 conjugationibus
775 2599 985 2689 penultimam
1008 2598 1159 2682 acuisse,
1191 2598 1259 2665 rid.
1281 2599 1313 2682 ὅ.

208 2703 264 2783 ·3,
287 2703 318 2769 3.
364 2703 511 2768 Eandem
539 2703 687 2794 regulam
715 2699 954 2792 adoptativum
975 2701 1153 2770 naualem
1175 2713 1314 2793 oportet,

221 2803 279 2894 qui
310 2827 383 2868 eum
416 2805 590 2894 praeterito
619 2803 800 2870 arctissima
826 2803 1088 2870 terminationem
1120 2805 1315 2892 cognatione

221 2905 418 2990 conjunctos
441 2917 506 2990 est,
529 2917 566 2972 ut
582 2908 711 2990 leyoc'rr,
736 2909 850 2982 λεξαέει
864 2906 985 2974 Dorice
1000 2905 1190 2971 lsalreantnr.
1216 2905 1314 2972 Prae·

222 3019 309 3071 terea
331 3018 586 3073 consentaneum
608 3019 675 3086 est,
704 3007 863 3074 Doricum
886 3009 1006 3091 ἐφιιέοι
1028 3021 1102 3099 ροει
1122 3010 1314 3074 contractio·

221 3131 296 3172 nem
318 3107 465 3174 nltimam
488 3109 743 3176 circumflectere
765 3113 909 3192 ἐφιιοῦι,
935 3114 1067 3194 ἐφιιεῦο.
1102 3109 1233 3178 Deinde
1248 3111 1314 3176 Do·

221 3209 389 3278 ricnsibns
412 3213 547 3280 ἐσσεῖται
567 3225 600 3280 ει
621 3215 765 3298 οορεέται
785 3225 983 3304 paroxytona
1006 3213 1110 3280 luisse
1130 3213 1313 3291 traduntur,

221 3313 257 3379 id
286 3316 376 3405 quod
405 3341 445 3382 eo
476 3315 668 3381 credibilius
697 3327 773 3400 cst,
821 3317 898 3406 qnia
926 3315 1022 3380 etiam
1052 3315 1085 3379 in
1114 3315 1315 3382 nominativo

222 3417 341 3506 plurali
364 3417 592 3483 declinationis
616 3417 777 3486 secundae
798 3418 1057 3484 terminationem
1074 3443 1105 3481 οι
1125 3429 1256 3484 acutum
1280 3419 1313 3484 in

222 3519 495 3610 antepenultima,
518 3519 761 3587 circumflexum
783 3522 818 3586 in
839 3521 1017 3610 penultima
1041 3520 1213 3607 prohibere
1235 3544 1313 3588 con-

222 3633 302 3703 stat,
325 3622 391 3687 vid.
413 3623 446 3706 ἓ.
469 3623 510 3703 3,
532 3626 564 3690 2.
609 3623 685 3690 lllis
708 3623 900 3711 comparatis
923 3621 1118 3709 collegimus
1140 3621 1312 3712 diphthon-

223 3746 284 3811 gos
306 3750 340 3787 αι
362 3736 394 3788 et
416 3751 447 3790 οι
468 3749 579 3791 vocem
604 3726 792 3794 claudentes
812 3723 1032 3791 Doriensibus
1054 3725 1178 3816 ubique
1200 3725 1313 3816 longa·

222 3847 293 3888 rum
315 3825 514 3913 syllabarum
537 3829 602 3894 vim
625 3828 811 3895 exercuisse
832 3838 864 3891 ct
886 3825 920 3891 in
936 3827 1168 3917 conjugatione
1182 3828 1312 3918 quidem

220 3927 426 4015 pronuntiata
449 3953 523 3994 csse
545 3931 685 4014 λεγόμαι,
719 3931 818 4012 ιεγεάι
846 3925 949 4014 (unde
977 3953 1038 4018 per
1058 3931 1311 3996 contractionem

222 4033 293 4117 ιεγῇ
322 4029 392 4095 lieri
425 4037 589 4121 oportet),
622 4035 759 4117 λεγέιαι,
795 4032 950 4116 λεγόνται,
985 4035 1147 4116 loricatus,
1181 4032 1314 4108 ποιήσαι

222 4131 303 4196 Aur.
328 4131 342 4196 l
366 4132 433 4219 obj.
457 4133 518 4198 iul.
543 4145 575 4198 ct
597 4135 687 4221 subj.
710 4134 882 4223 imperat,
919 4146 952 4200 et
973 4159 1057 4225 quae
1080 4145 1157 4202 snut
1178 4133 1310 4208 similla.

222 4233 400 4301 Adversas-i
437 4237 644 4328 aliquatenus
679 4237 788 4304 uisum
828 4247 878 4304 est
910 4235 1133 4306 testimonium
1165 4237 1312 4323 ejusdcm
