2742 4794
418 329 453 414 ς.
481 321 517 398 a
569 320 848 436 nauigamus.
1125 325 1176 402 39

82 502 224 568 tahicum
251 501 329 570 olim
361 497 529 591 digamma
559 499 747 568 interfuisse
773 499 924 590 prodit),
974 502 1078 585 thays,
1118 502 1175 568 uhi

11 603 15 710 g
81 606 202 670 eadem
223 605 324 670 radent
353 603 396 670 de
429 601 709 692 reduplicatione,
726 603 827 688 ’χεύιιι
883 603 1049 668 Postremo
1082 628 1174 670 acce-

10 711 12 786 ,
86 706 177 770 dunt
198 707 359 790 εὔριπος,
394 701 529 788 ederim,
560 703 756 794 quibuscum
779 706 943 794 conspirat
965 707 1174 772 liorrrcricuua

9 869 11 947 Ι

88 809 273 892 retar‘puoc.
301 844 345 855 —
408 807 555 896 Apparet
593 807 718 871 nuliam
747 818 865 870 certam
900 809 1046 897 regulam
1078 818 1174 896 atque

99 933 226 974 uernam
248 911 282 974 in
307 909 361 976 his
384 931 544 998 regnare,
579 907 638 972 scd
659 931 734 972 cusu
758 909 895 998 quodam
917 911 1035 974 facturn
1056 909 1172 996 videri,

99 1023 128 1074 rt
145 1011 177 1076 iu
197 1012 272 1076 aliis
294 1011 456 1100 digamma
479 1007 514 1074 iu
537 1011 554 1072 ὗ
574 1021 771 1092 mutaretur,
794 1009 827 1074 in
850 1011 925 1076 aliis
947 1009 1128 1098 ejiceretur.

168 1109 209 1202 7)
243 1111 318 1178 Jam
340 1137 419 1180 vcro
444 1113 596 1194 fuerunt,
635 1111 694 1200 qui
719 1111 924 1198 judicarent,
957 1113 1115 1202 digamma
1136 1113 1171 1176 iu

7 1205 9 1252 ι’
90 1213 135 1278 his
156 1239 223 1278 nou
243 1239 319 1280 csse
341 1215 379 1280 iu
400 1239 419 1277 υ
440 1239 515 1280 tere
536 1224 715 1296 mutatum,
745 1211 800 1276 sed
823 1215 1084 1302 pronuntiatione
1106 1239 1172 1280 nou

85 1326 202 1378 mutata
233 1317 251 1376 ὗ
271 1339 333 1404 pro
354 1321 389 1378 F
405 1315 560 1404 scriptum
583 1339 668 1380 esse
734 1311 841 1399 Cujus
870 1315 916 1380 rci
947 1327 1171 1402 argumentum

83 1415 268 1484 Boeckhius
295 1417 337 1482 ad
365 1417 465 1481 Pind.
491 1417 531 1480 P.
555 1415 610 1500 ll,
632 1416 675 1482 28
702 1415 839 1482 maxime
868 1416 963 1528 petiit
992 1441 1009 1482 e
1039 1418 1173 1506 spiritus

81 1531 177 1609 atque
205 1529 362 1584 accentus
392 1516 605 1583 collocatione
644 1513 877 1606 singulari,
863 1543 959 1607 quum
994 1519 1030 1582 iu
1062 1519 1170 1598 ἀυάτα,

81 1620 176 1704 riardo,
200 1621 285 1696 douc
305 1619 438 1684 Scholia
459 1619 501 1683 ad
522 1619 614 1683 illum
635 1619 742 1684 iocum
766 1615 849 1706 (nota
869 1617 936 1706 ll),
960 1629 995 1684 ut
1018 1620 1051 1684 iu
1075 1620 1173 1686 ἀυάια

6 1791 7 1808 χ
81 1723 175 1790 uuiti
198 1722 334 1786 Pindari
356 1721 455 1806 lihri,
478 1732 629 1804 tuentur,
661 1719 738 1784 inde
760 1721 846 1785 cuim
868 1745 1039 1810 apparere,
1068 1749 1172 1814 gram·

6 1883 7 1891 ,
81 1825 206 1890 usaticis
228 1826 246 1885 i·
266 1848 326 1912 pro
350 1833 549 1890 consonante
569 1821 684 1887 inisse.
747 1823 793 1888 At
813 1847 911 1910 rpuum
934 1825 1060 1907 nullum
1082 1851 1171 1916 prac-

81 1939 166 1992 terea
197 1923 274 1989 tatis
298 1923 578 2008 grammaticorum
601 1923 765 2014 opinionis
788 1923 959 2014 vestigium
982 1927 1170 2016 reperiatur,

81 2029 122 2092 ita
146 2026 324 2092 scribendo
345 2025 456 2114 potius
478 2025 710 2114 pleonasticum
735 2025 856 2091 vocalis
885 2027 1018 2094 ῦιιιιιιιιι
1047 2031 1171 2120 siguifi-

80 2154 152 2194 care
173 2129 329 2193 ridentur
351 2123 404 2214 ¹⁵).
449 2127 681 2210 Gravinum,
711 2129 818 2217 quod,
848 2128 944 2194 sicuti
968 2129 1066 2196 αῠάια
1087 2133 1171 2222 apud

81 2233 260 2296 Pindarum
272 2281 283 2310 ,
318 2227 362 2293 ita
385 2227 484 2316 i'ygror
507 2227 581 2296 Ate.
605 2229 646 2294 33
669 2229 906 2320 diphthongum
929 2234 1064 2322 corripit
1096 2229 1170 2322 (uec

80 2335 187 2407 uiuus
219 2329 421 2396 ἰπιιινεὺοισα
449 2331 525 2396 Ate.
547 2329 607 2414 55,
637 2341 673 2398 ut
702 2323 980 2424 corruptissimum
1010 2336 1170 2424 fragmen-

80 2447 143 2502 un
181 2429 430 2521 correximus),
468 2431 585 2499 deinde
615 2444 721 2522 aperta
756 2434 920 2498 scriheudi
953 2437 1171 2504 inconstantia

5 2592 6 2614 ,
81 2537 224 2602 iudicare
245 2534 396 2618 videtur,
433 2559 498 2598 non
523 2545 669 2599 accurate
697 2535 805 2623 ipsum
828 2535 920 2602 virae
942 2537 1098 2602 orationis
1120 2562 1170 2604 so·

82 2665 152 2704 ιιι
183 2636 339 2728 exprimi.
404 2634 473 2700 Vix
506 2647 613 2700 tamen
644 2635 779 2699 duhium
813 2634 941 2699 ridetur
972 2637 1171 2718 recentiores

4 2790 5 2795 η
79 2742 226 2822 Aeetes,
250 2763 389 2828 quornm
411 2737 643 2826 inscriptiones
664 2736 836 2816 hahemus,
860 2761 933 2803 vere
952 2739 1113 2826 digamma
1134 2741 1170 2806 iu

77 2843 199 2910 talibus
221 2841 259 2906 iu
281 2843 300 2906 ὗ
321 2851 481 2924 mutasse,
509 2863 569 2904 cur
589 2839 677 2904 enirn
699 2863 779 2906 sono
807 2863 872 2904 nun
894 2852 1015 2908 mutato
1036 2843 1168 2932 signum

77 2943 265 3012 namneti
310 2939 430 3006 Contra
458 2941 494 3006 iu
515 2941 622 3030 poitis
642 2941 778 3008 Leshiis
807 2941 877 3007 heri
905 2943 1030 3032 potuit,
1064 2955 1100 3010 ut
1121 2945 1168 3010 di-

6 3045 7 3049 ’
79 3071 205 3138 gamma
252 3044 287 3109 in
337 3042 455 3110 mediis
491 3042 657 3126 vocihus,
707 3043 795 3133 quod
834 3045 1007 3133 scripsisse
1046 3046 1168 3114 Aeolus

78 3147 274 3216 Priscianus
303 3145 455 3228 affirmat,
485 3148 519 3210 in
540 3144 778 3212 recentioribus
805 3145 901 3210 lihris
929 3159 965 3212 ut
986 3147 1168 3216 obsoletum
1225 3149 1228 3162 '

81 3263 133 3316 sut
153 3250 330 3338 ejiceretur
351 3257 407 3312 aut
428 3273 446 3314 e
474 3247 688 3316 recentiorum
710 3245 851 3312 Aeolum
873 3249 1110 3314 consuetudine
1131 3248 1167 3314 iu

83 3355 100 3414 i·
124 3361 321 3432 nutaretur,
359 3371 427 3414 nou
456 3348 564 3412 miuus
591 3371 685 3438 quam
718 3347 819 3412 αῠάτα
846 3349 899 3415 rix
929 3350 994 3437 ipsi
1023 3350 1167 3416 Pindaro
1239 3375 1243 3384 ·

88 3455 204 3522 Bceutu
224 3453 387 3530 debetur,
408 3473 508 3538 quum
530 3451 645 3515 Boeoti
665 3449 767 3515 multo
788 3451 986 3562 recentiores
1010 3451 1164 3543 digammi

88 3561 210 3648 riguum
234 3557 321 3620 inter
340 3551 471 3616 vocales
492 3553 665 3616 tenuerint.

161 3653 197 3746 8)
224 3656 314 3724 Raro
336 3653 528 3741 digamma
518 3665 603 3720 rutcr
621 3654 751 3720 vocales
771 3655 816 3720 ita
837 3654 991 3737 evanuit,
1015 3663 1049 3719 ut
1070 3653 1165 3718 ctiam

90 3757 251 3828 contractio
273 3755 523 3841 concederetur,
545 3765 581 3822 ut
600 3755 721 3824 famum
742 3765 793 3822 cst
812 3755 848 3822 iu
865 3755 956 3822 ‘'Atu
978 3756 1022 3820 Α.
1047 3757 1113 3840 70,
1134 3768 1165 3824 et

27 4008 28 4024 ³
111 4021 146 4090 ti)
177 4019 369 4078 novemur
386 4008 481 4082 ctiam,
505 4013 529 4068 si
556 4023 630 4070 recte
652 4013 849 4082 judicavimus,
877 3999 1070 4080 antiquando
1089 4013 1164 4066 vocis

77 4109 142 4168 nior
164 4115 291 4166 accentu
322 4097 527 4169 testimonium,
554 4119 610 4168 qno
634 4113 806 4169 comparatur
833 4117 893 4154 cum
914 4095 1037 4170 Tenios,
1065 4095 1162 4170 ψαῦοι,

70 4193 134 4272 εἴη,
151 4197 235 4256 netto
257 4182 439 4246 discrimine
455 4195 554 4242 uotcto.
575 4186 631 4239 vid.
649 4187 672 4254 ς.
689 4189 714 4241 ³.
731 4197 787 4240 aot.
806 4187 832 4242 9,
