2814 4760
205 327 282 411 428
316 327 350 424 §.
360 327 422 410 5⁰.
441 332 500 406 De
510 327 660 408 Doridis
675 353 854 430 generum
868 342 905 404 ot
917 328 1125 428 specierum
1140 329 1299 432 origine.

206 563 321 624 nsum,
344 563 410 630 qno
431 537 575 606 severior
589 537 696 607 Doris
717 537 858 604 maxime
879 537 1114 630 distinguitur,
1137 563 1212 606 cum
1233 541 1305 608 Lc-

205 643 344 712 enuibm
365 663 570 708 eommunem
591 641 712 708 habeut
732 651 770 707 nt
789 641 876 708 Gen.
898 641 1042 728 Μόσχοι,
1070 643 1128 710 sed
1150 643 1302 728 omnino,

206 755 364 837 qnantum
385 744 423 810 iu
445 755 532 811 tsnte
553 742 695 810 fontium
716 743 855 832 penurie
877 743 1033 834 cognosci
1053 755 1180 835 potest,
1213 745 1304 812 uiuit

205 849 275 916 fere
304 869 380 916 oum
409 844 473 916 ills
500 845 657 913 differunt
686 857 911 937 praeterquam
938 846 1108 914 vocalibus
1136 873 1176 914 no
1204 847 1242 912 in
1261 871 1304 912 αν

205 950 383 1020 contractis
411 961 448 1018 ut
474 948 657 1031 Εὐμηλίδαυ
684 949 771 1016 Gen.
801 973 862 1040 pro
889 948 1091 1032 Εὐμηλίδαο,
1125 949 1208 1016 Dor.
1231 948 1304 1014 Esi-

206 1055 330 1137 putido.
370 1055 501 1144 'ltaque
520 1051 557 1118 'si
588 1051 623 1118 iu
651 1050 723 1119 illis
752 1051 966 1144 regionibns,
1001 1051 1090 1118 nude
1117 1051 1302 1119 Dorienses

205 1155 420 1246 prodierunt,
451 1154 539 1243 opud
561 1155 704 1244 pupulos
725 1177 801 1222 cum
820 1155 905 1244 ipsis
926 1154 1219 1241 conjunctissimos
1239 1153 1302 1220 rui·

205 1258 274 1324 tius
302 1255 439 1324 Doridis
472 1279 577 1347 genus
607 1255 733 1340 veluit,
775 1257 863 1347 spud
892 1257 1042 1324 mordes
1077 1255 1302 1346 Peloponnesi

206 1359 413 1448 Aborigines¹
423 1359 541 1447 liugos
555 1357 712 1426 iueriori
725 1358 846 1426 Doridi
860 1358 955 1428 vulde
968 1359 1168 1450 propinqus,
1189 1381 1303 1426 nonne

205 1461 385 1530 verisimile
412 1471 484 1544 est,-
523 1459 702 1551 Spsrtsnos
727 1461 912 1551 priscorum
939 1461 1122 1528 incolarum
1153 1461 1301 1550 lingue·

205 1564 402 1654 deposcet
446 1563 655 1653 Stupebant,
678 1562 737 1652 qui
752 1562 788 1628 iu
802 1586 839 1630 es
854 1563 1012 1653 opinione
1029 1565 1178 1647 lucerent,
1200 1563 1299 1654 Sper·

162 1697 167 1722 ¹
206 1679 301 1734 tenos
321 1666 480 1736 Doricum
507 1666 544 1732 in
572 1689 703 1757 queque
729 1689 765 1732 re
794 1667 1026 1758 proprietcten
1047 1665 1300 1756 religiosissime

208 1793 367 1839 mose.
411 1769 529 1859 Neque
550 1779 658 1836 temen
680 1791 720 1834 eu
740 1768 902 1858 suspicio,
935 1793 1002 1859 quo
1023 1767 1247 1857 imprudentes
1264 1777 1299 1834 et

206 1895 312 1962 prere
344 1871 439 1938 inviti
467 1871 568 1938 delati
600 1892 736 1955 sumus,
770 1895 839 1964 per
869 1895 906 1938 se
937 1871 1038 1938 nimis
1067 1871 1210 1938 absurdo
1238 1880 1299 1937 est.

207 1973 336 2064 Reputo
363 1973 472 2057 enirn,
507 1997 605 2064 quem
632 1983 758 2040 mstore
779 1971 935 2068 Germani
962 1972 1049 2040 iuter
1075 1972 1215 2064 populos
1237 1971 1302 2038 Lc-

207 2075 294 2142 tince
322 2076 457 2165 lingone
483 2077 707 2156 assuefactos,
739 2073 922 2144 Normsuui
953 2074 1040 2142 iuter
1068 2074 1302 2162 qucogelion

205 2176 330 2266 petrice
347 2177 481 2266 liuguae
509 2175 604 2244 obliti
632 2174 710 2240 siut.
765 2175 894 2258 Quidni
915 2175 1088 2266 Sparnoi,
1123 2176 1220 2265 pcuei
1242 2201 1302 2242 ur·

205 2299 316 2360 mero,
347 2278 554 2346 Achscorum
582 2299 621 2344 es
647 2286 751 2342 cctste
771 2278 859 2344 houd
880 2279 981 2346 dubie
1002 2278 1180 2345 cultiorum
1203 2277 1304 2344 dicie-

206 2389 295 2446 etum
315 2379 432 2447 leviter
453 2403 473 2446 u
494 2403 553 2450 sue
576 2379 813 2471 discreprutens
835 2381 1006 2472 adoptasse
1024 2392 1188 2470 putemus,
1211 2403 1304 2470 prce-

207 2481 319 2547 sertim
342 2507 444 2574 quum
465 2483 602 2551 Helotes
624 2482 751 2549 Achaei
780 2483 815 2547 in
844 2483 981 2550 familiis
1005 2483 1212 2549 dominorum
1234 2507 1303 2548 rer·

208 2597 359 2653 errentur
386 2597 419 2653 et
448 2609 550 2675 quum
577 2596 653 2652 snte
681 2587 776 2676 leges
796 2585 987 2676 Lyeurgecs
1009 2583 1162 2674 Spsrtsni
1184 2609 1204 2650 s
1227 2585 1303 2652 reli·

206 2687 284 2776 quis
306 2688 638 2758 Lscouiose'iuoolis.
655 2690 713 2755 rix
732 2700 900 2780 tantopere
922 2687 1041 2755 secreti
1062 2697 1187 2753 essent.
1238 2686 1303 2754 Re·

206 2789 292 2856 etius
314 2789 536 2874 dubitcveris,
568 2815 610 2857 eu
632 2791 829 2858 Dorienses·
843 2803 918 2858 onte
939 2789 1103 2856 colonium
1125 2789 1302 2872 Creticum,

206 2913 291 2978 quc
321 2893 470 2980 proximo
498 2905 574 2982 post
594 2892 744 2982 Sportem
773 2904 898 2984 ccptsm
926 2904 1073 2982 tempore
1094 2891 1234 2958 deducta
1253 2891 1305 2956 ri-

207 2992 343 3070 dentur,
376 2993 551 3060 dicleoturn
573 2994 949 3062 noudum'mutsverint.
1007 2997 1055 3059 At
1075 2994 1169 3072 ride,
1206 3017 1303 3084 qur·

207 3093 410 3161 Creticsrum
437 3117 547 3161 rernm
576 3097 714 3186 repetite
742 3096 973 3188 contemplatio
1002 3095 1225 3186 suspicionem
1247 3121 1305 3163 no-

206 3205 306 3264 strum
328 3221 395 3264 uon
416 3197 597 3288 infringet,
620 3200 679 3268 sed
701 3199 882 3265 confirmet.
926 3197 1076 3288 Lyctns,
1098 3221 1184 3289 quse
1206 3198 1303 3289 Sper·

204 3309 355 3366 tenorum
376 3301 507 3368 colonie
528 3301 732 3392 appelletur,
755 3324 820 3390 que
841 3301 982 3368 dialecto
1003 3325 1063 3367 usu
1082 3301 1211 3366 sitnon
1228 3323 1304 3366 con·

206 3411 280 3467 strt.
331 3403 440 3470 Pollis
469 3413 502 3470 et
529 3403 705 3492 Delphus,
741 3403 799 3494 qui
828 3403 991 3470 coloniam
1019 3403 1227 3470 eLsconicc
1249 3403 1302 3470 de·

206 3503 341 3572 duxisse
371 3505 542 3590 feruutur,
576 3506 729 3572 Achaeos
757 3503 898 3570 maxime
924 3517 1023 3593 etque
1042 3504 1174 3594 Minyas
1198 3513 1304 3571 ἱωε-

205 3615 284 3672 runt
304 3627 323 3672 e
343 3605 464 3696 priscis
486 3608 672 3675 Lceouicse
693 3608 838 3690 incolis,
871 3605 995 3696 quibus
1016 3607 1215 3674 severiorem
1235 3609 1302 3674 Dc-

206 3706 311 3773 ridesn
332 3708 592 3796 vindicavimus,
624 3711 751 3801 reliquo
772 3719 901 3798 prsetcr
920 3709 1087 3798 lingum,
1120 3733 1205 3800 quse
1226 3709 1304 3776 umi-

207 3833 273 3900 que
293 3819 398 3878 ternuc
420 3812 605 3878 communic
634 3823 732 3896 suut,
763 3812 921 3901 pleneque
948 3811 1079 3880 isoiiius
1106 3813 1147 3878 sd
1179 3813 1303 3902 prisco·

206 3935 281 3979 rum
300 3911 482 3980 incolarum
512 3913 761 4003 cogitationem,
796 3935 893 4001 quum
922 3913 965 3980 sd
985 3913 1222 4004 Spsrtcnornpn
1250 3937 1302 3980 eo-

206 4013 328 4081 louism
349 4013 435 4079 trahi
466 4025 614 4104 possunt.
670 4015 862 4092 Postremo,
896 4013 933 4080 id
964 4015 1054 4105 quod
1075 4015 1228 4106 inprimis
1248 4039 1301 4081 ur·

207 4139 340 4204 gemus,
374 4139 432 4184 ese
462 4116 631 4199 civitrtcs,
664 4117 785 4208 quihus
806 4115 1004 4186 severiorem
1025 4117 1186 4185 Doridem
1208 4117 1299 4184 inmi-
