2784 4768
441 345 473 445 §t
499 345 561 428 34.
596 325 678 424 'De'
694 348 835 449 spiritu.
1112 351 1188 434 169

95 576 222 632 osores,
259 576 332 619 enm
362 551 543 638 addebant,
576 565 611 620 ut
639 553 713 636 loia,
749 555 979 648 slApollonlo
1009 559 1183 642 eredimus,
1254 619 1262 634 ,

94 657 321 742 Ἀγείσανόρος
348 657 391 722 01.
416 655 516 724 Giese
538 656 578 724 (le
599 655 675 722 dial.
699 659 796 725 Aeol.
819 683 853 749 p.
876 660 959 746 4173
997 685 1102 750 neque
1130 662 1189 748 ὕψι

95 758 181 846 apud
201 757 345 844 Lesbios
373 779 522 847 asperum
551 756 706 844 laabelaat,
737 774 812 846 ant,
845 761 874 831 sl
901 774 988 830 reete
1010 763 1186 854 disputavi·

95 882 167 925 anus
191 853 223 946 ᾗ.
247 860 288 940 4,
310 859 349 942 9,
373 867 477 936 ἵππος.

179 959 388 1026 Contrarium
414 961 541 1027 videtur
576 961 709 1030 unicum
736 962 899 1032 Corinnae
932 963 1114 1057 exemplum
1141 971 1184 1034 t'r.

95 1063 136 1145 4,
167 1059 227 1125 ain'
250 1064 321 1138 ἑοῦς
342 1085 381 1128 ex
402 1063 517 1152 Apoll.
540 1059 580 1128 de
601 1089 695 1155 pron.
719 1089 754 1154 p.
776 1063 836 1151 98,
863 1064 940 1150 uti,
969 1092 1067 1164 quum
1089 1069 1187 1136 lectio

97 1174 184 1228 eerts
207 1162 370 1244 videatur,
394 1189 489 1255 asper
513 1165 618 1256 ipsius
638 1165 809 1256 Apollonii
831 1168 957 1255 regula,
978 1193 1072 1260 qnam
1095 1182 1187 1238 antea

97 1263 285 1353 attulimus,
308 1265 511 1356 postuletur,
532 1269 638 1334 tennis
662 1267 775 1334 eodem
798 1269 894 1335 modo
914 1269 1027 1336 relicta
1048 1273 1187 1358 videtur,

98 1389 163 1456 qno
185 1391 283 1458 saepe
304 1368 338 1434 ia
358 1368 490 1436 Dorieis
511 1370 722 1460 scriptoribus
743 1382 825 1438 teste
839 1371 1018 1462 Apollonio
1039 1373 1080 1440 de
1100 1384 1187 1463 synt.

98 1493 133 1558 p.
156 1467 241 1550 335,
273 1469 381 1558 qualia
409 1467 562 1558 leguntur
589 1472 685 1540 otiam
712 1472 748 1539 in
775 1471 879 1539 titulis
907 1470 1057 1554 Derieis,
1091 1483 1127 1542 ut
1154 1475 1190 1542 iu

98 1569 249 1636 'Theraeo
269 1572 372 1651 2448,
396 1571 457 1652 lv,
480 1575 520 1640 11
542 1572 593 1638 ἐπ’
616 1573 752 1664 ἁμέρας,
775 1573 961 1642 in·Rhodi0
981 1575 1077 1658 2525,
1099 1573 1121 1640 b
1145 1574 1190 1640 ἐπ’

98 1672 227 1760 ἱερέως,
251 1673 286 1739 in
308 1672 479 1763 Calymnio
498 1675 581 1744 24171
603 1674 671 1759 μετ’
693 1678 851 1760 ὁμονοίας.

184 1771 289 1838 Lenis
326 1787 491 1865 praeterea
519 1800 578 1867 pro
606 1801 720 1869 aspero
748 1778 849 1846 scribi
880 1775 964 1844 solet
994 1777 1029 1843 in
1054 1777 1190 1844 vneilans

99 1873 290 1954 Boeotieis,
313 1900 394 1966 qnae
415 1880 435 1942 ὖ
454 1877 579 1946 initiale
601 1879 636 1944 in
658 1906 695 1944 oo
712 1891 878 1946 mutarunt
904 1875 957 1968 (ᾗ.
981 1880 1041 1958 38,
1066 1879 1125 1960 5),
1152 1881 1192 1946 ‘ut
1303 1879 1307 1892 '

104 1975 195 2058 oripie
223 1975 301 2044 Cor.
333 1979 373 2060 9,
408 1978 521 2063 οὖμίων
550 1980 627 2047 Cor.
659 1983 719 2062 11,
754 1981 847 2066 οῠμαῖ
880 1981 966 2072 apud
992 1981 1191 2070 Hesyelrium

102 2079 229 2158 (tantm
257 2080 346 2164 οῠμῖν
367 2081 458 2152 Ana.
482 2083 546 2149 Ox.
570 2081 605 2166 1,
629 2084 711 2164 146,
735 2085 808 2168 15),
846 2082 966 2172 Οὐρίας
990 2085 1067 2152 Cor.
1090 2081 1112 2150 6
1132 2106 1191 2172 pro

102 2181 237 2268 Ὑρίας,
270 2180 404 2270 Οὐριεῦς
425 2183 550 2250 Scholl.
573 2186 648 2252 Nic.
672 2186 772 2252 Ther.
796 2185 836 2252 15
856 2209 917 2276 pro
940 2183 1082 2273 Ὑριεὺς,
1117 2185 1191 2264 οὔλη

104 2293 136 2350 et
155 2283 260 2370 οὕδωρ
283 2284 449 2350 lleraelitl.
472 2311 525 2376 ap.
549 2287 643 2354 East.
665 2287 721 2372 23,
742 2287 785 2356 28
805 2301 838 2353 et
858 2288 953 2353 llort.
975 2287 1043 2352 Ad.
1067 2289 1092 2352 1.
1115 2285 1192 2355 205.

103 2384 218 2474 Neque
239 2385 357 2452 mirum
377 2398 473 2467 esset,
497 2389 582 2456 siin
603 2389 654 2454 his
675 2389 780 2456 vocali
793 2401 920 2478 'mrrtsto
942 2390 1037 2454 etiam
1059 2388 1192 2478 spiritus

104 2498 299 2568 mutaretur,
340 2489 415 2580 quia
442 2492 460 2558 ὗ
487 2491 655 2584 proprium
676 2491 739 2556 sibi
766 2491 908 2582 postulat
928 2515 1096 2578 asperum,
1136 2487 1192 2576 qni

105 2589 280 2678 antiquiori
301 2615 400 2672 sono,
430 2593 559 2681 qnalem
580 2591 732 2681 exprimit
753 2590 942 2657 Boeotienm
965 2594 1021 2668 ὀῦ,
1050 2615 1115 2654 non
1136 2612 1192 2656 ne-

106 2691 266 2758 tessarins
287 2705 347 2758 est.
408 2693 524 2783 Neque
550 2703 657 2788 tanaep
677 2695 739 2758 lroc
770 2693 806 2757 ὀῡ
825 2692 944 2782 ubique
965 2692 1072 2758 lenem
1093 2691 1193 2756 habu·

107 2791 197 2878 isse,
240 2795 519 2882 grammaticorum
558 2793 653 2864 libris
693 2795 882 2879 eredimus,
927 2803 960 2858 et
1006 2791 1191 2860 nens'uovo'

108 2899 257 2980 οὖιριβίας
279 2896 356 2963 Cor.
379 2898 400 2964 7
422 2897 541 2964 certius
563 2896 670 2988 asperi
691 2896 845 2986 indicium
867 2895 981 2975 habet,
1011 2919 1192 2984 qraanquom

108 2997 142 3064 in
170 3001 230 3066 leae
250 3023 332 3065 vore
352 2999 482 3064 facilius
509 2999 616 3064 lenem
645 3000 814 3065 terremus.
848 2999 890 3064 01.
920 2993 951 3087 §
968 2999 1019 3083 4,
1042 3001 1073 3068 5.
1125 2997 1192 3064 Res

109 3125 173 3170 aon
193 3111 300 3196 potest
320 3101 361 3172 ad
381 3099 540 3194 liquidum
560 3099 706 3196 perduci.

594 3335 626 3430 ς.
654 3339 708 3407 35.

509 3483 570 3534 lte
592 3481 792 3546 namma.

194 3605 236 3686 1)
264 3603 403 3668 Boeotos
422 3622 550 3691 qnoque
573 3599 731 3687 digamma
753 3621 830 3666 asos
852 3621 923 3664 esse
943 3609 976 3662 et
998 3593 1195 3686 grammatici

111 3711 228 3776 docent
248 3705 329 3784 (viel.
352 3697 382 3790 ἓ.
407 3703 426 3768 5
447 3715 515 3768 not.
538 3704 573 3784 2)
594 3715 627 3768 et
646 3703 743 3768 tituli.
808 3700 853 3766 lli
886 3700 1025 3790 primunr
1046 3710 1119 3764 ante
1140 3721 1195 3764 vn·

111 3811 198 3876 cales
220 3807 362 3874 initiales
383 3805 543 3894 digamma
574 3805 729 3894 praebent
749 3802 785 3868 in
805 3801 857 3867 his
877 3801 1030 3884 vocibus,
1062 3823 1195 3895 quarum

111 3913 220 3980 minus
240 3919 344 3974 certas
366 3905 518 3971 asterisco
539 3915 706 3970 notamusr

194 4035 207 4059 ⁶
239 3995 393 4100 Filius
426 4021 470 4091 N.
499 4023 539 4090 P.
570 4023 654 4090 1574
683 4048 701 4089 0
729 4023 912 4112 conjectura
944 4001 1099 4094 Boeelrlaii
1137 4041 1196 4114 pro

112 4139 301 4301 Tuonlvifi'rt
307 4258 324 4296 ν
333 4235 378 4306 αξ
386 4229 398 4292 ι’
403 4253 452 4293 ων
462 4225 505 4294 N.
515 4228 556 4295 P.
565 4228 647 4296 1574
655 4251 694 4292 ex
702 4225 940 4316 ejusrlemeonj.
950 4251 1010 4318 pro
1023 4224 1193 4300 rmntios.
