2862 4770
148 413 155 438 ,
215 351 294 426 266
575 349 631 420 De
657 341 946 441 pronominibus.

217 553 322 637 1702,
366 553 469 618 Pboe.
503 549 557 616 81.
580 547 633 627 R,
675 547 811 636 Coreyr.
841 546 935 615 1845.
970 547 1064 616 1847.
1097 549 1189 616 1848.
1215 547 1320 630 1849,

217 657 319 722 Tber.
342 655 446 736 2448,
470 651 580 721 Rbod.
603 651 709 734 2905,
733 649 825 714 Cret.
846 649 1060 717 2554-2557
1075 661 1165 732 ete,
1188 647 1318 740 Cyrea.

217 761 256 837 1,
279 756 421 846 Agrip,
448 753 563 819 Alaea.

300 858 401 948 Apud
423 855 628 946 Sophronem
657 857 708 920 rol
734 866 786 921 est
812 854 854 920 l'r.
880 856 931 921 12.
954 855 1009 921 29.
1033 856 1097 940 44,
1130 857 1183 918 ταί
1201 853 1235 920 6.
1261 854 1318 920 33.

216 961 269 1027 54.
283 961 345 1045 88,
369 983 469 1048 quare
492 957 685 1048 corrigenda
709 957 862 1023 duximus
882 957 924 1022 l‘r.
941 958 981 1023 51
1006 963 1043 1020 αἵ
1058 983 1098 1039 yn
1121 955 1183 1036 μὰν
1203 955 1321 1040 κόγχαι

216 1075 249 1128 et
258 1061 299 1128 75
323 1067 354 1130 αἱ
372 1063 548 1136 ducenties.
589 1061 709 1150 ,Neque
732 1059 842 1124 minus
864 1059 1083 1148 Epicharmus
1105 1059 1175 1126 illis
1199 1058 1318 1142 utitur,

213 1168 263 1231 rol
283 1165 324 1229 lr.
348 1165 401 1229 23.
426 1164 481 1230 44.
503 1164 566 1247 94,
599 1167 652 1228 ant
670 1163 733 1245 23,
756 1163 810 1228 31.
835 1163 896 1244 34,
930 1172 964 1226 et
992 1185 1076 1250 quas
1097 1161 1317 1227 adversaban-

214 1279 270 1333 tur
292 1271 324 1330 αἱ
344 1265 408 1346 23,
428 1266 470 1348 9,
504 1271 534 1330 ol
557 1265 619 1332 129
646 1263 742 1329 etiam
773 1264 848 1328 aliis
868 1264 968 1330 rebus
990 1263 1194 1354 corruptelae
1215 1287 1320 1353 argn-

215 1379 328 1434 nntnr.
381 1368 422 1434 ln
452 1350 855 1455 Lysistratae'laaeonieis
884 1366 1031 1454 partibus
1059 1365 1184 1454 ubique
1212 1369 1262 1430 aot
1284 1378 1318 1432 st

215 1473 268 1536 ael
287 1471 464 1562 leguntur,
498 1493 605 1559 neque
635 1469 731 1535 aliter
752 1467 838 1559 apud
860 1467 1090 1558 Thucydiden
1111 1467 1157 1550 V,
1181 1467 1234 1533 77.
1258 1467 1316 1534 79.

215 1573 433 1640 Archimedes
466 1595 596 1661 semper
626 1571 817 1662 vulgaribus
850 1572 966 1637 lormis
998 1571 1113 1636 utitur.
1165 1569 1319 1660 Apparet

216 1675 319 1764 igitur
334 1675 551 1764 antiquiorem
568 1673 727 1742 Doridem
750 1674 873 1764 ubique
894 1675 944 1738 rol
960 1682 994 1740 et
1006 1673 1059 1737 ταί
1071 1671 1316 1761 pronuntiasse,

217 1789 330 1869 postea
355 1783 383 1842 ot
405 1788 437 1842 et
459 1783 492 1842 αἱ
513 1779 657 1867 primum
679 1801 753 1844 enm
774 1776 956 1867 participiis
973 1773 1074 1864 jungi
1096 1785 1209 1864 eoepta
1223 1795 1315 1856 esse,

217 1882 313 1948 utin
335 1879 468 1946 llerael.
493 1893 527 1946 et
547 1881 658 1947 llbod.
681 1880 784 1963 2525,
806 1881 848 1964 b,
880 1879 999 1945 deinde
1026 1875 1114 1967 apud
1142 1877 1317 1966 plerosque

217 1983 430 2050 Doriensirnn
454 1981 646 2049 invaluisse.
700 1982 854 2048 Ceterum
876 1981 984 2048 Dores
1007 1991 1039 2046 et
1059 1980 1202 2047 Boeotos
1231 1980 1314 2057 trid.

207 2083 260 2148 J..
285 2083 302 2148 l
333 2083 365 2166 §-
391 2083 454 2166 45,
476 2081 512 2170 7)
542 2083 761 2151 nominativos
788 2087 962 2150 reintrat
984 2109 1005 2150 e
1028 2106 1153 2150 summa
1173 2082 1316 2174 antiqui·

216 2196 282 2250 tate
303 2183 440 2250 traditos
470 2185 657 2274 aeeepisse,
691 2186 786 2251 docet
813 2198 847 2252 et
874 2185 989 2278 lingua
1011 2185 1196 2270 Sanserita,
1232 2209 1315 2276 qnae

217 2286 254 2354 in
276 2286 469 2376 pronomine
492 2310 579 2365 sas,
612 2303 673 2371 se,
702 2288 771 2353 tad
799 2310 859 2377 per
880 2289 1028 2378 reliquos
1049 2311 1145 2354 easus
1167 2311 1281 2356 ornnes
1302 2299 1317 2354 t

217 2388 388 2481 praefigit,
419 2389 516 2456 etiam
540 2392 575 2458 in
599 2415 686 2458 nom.
711 2393 758 2482 pl.
783 2403 838 2467 te,
862 2401 944 2469 tes,
968 2391 1077 2466 tani,
1106 2401 1138 2456 et
1161 2391 1313 2475 Gotbiea,

217 2517 302 2583 quae
324 2517 341 2558 a
363 2517 425 2570 sa,
450 2497 514 2576 sd,
537 2495 651 2560 tbata
672 2493 832 2582 pluralem
854 2493 959 2576 tbii,
982 2495 1095 2576 tlrds‚
1119 2495 1188 2558 tbd
1206 2493 1314 2582 tagit.

216 2591 303 2660 Nam
325 2595 461 2685 spiritus
483 2621 579 2687 asper
600 2598 685 2688 apud
708 2597 853 2663 Graecos
881 2618 900 2660 e
928 2621 944 2662 e
967 2609 1061 2660 natus
1084 2605 1145 2660 est.
1201 2595 1314 2686 ltaque

219 2703 249 2764 ot
272 2709 305 2764 et
327 2704 358 2762 αἱ
383 2699 565 2764 recentiore
585 2711 731 2789 tempore
760 2701 801 2766 ad
824 2697 1016 2766 nominativi
1037 2695 1219 2787 singularis
1240 2723 1312 2764 ana·

203 2799 340 2888 logiam
361 2801 445 2867 l'aeta
472 2813 561 2865 sunt.

303 2899 565 2968 Consentaneum
587 2913 660 2984 est,
695 2925 873 2992 pronomen
897 2902 950 2967 dds
970 2901 1101 2968 artieuli
1124 2902 1314 2970 declinatio·

218 3027 293 3070 nern
315 3003 429 3096 sequi,
453 3016 486 3070 et
506 3005 668 3093 reperitur
689 3007 771 3069 zolde
792 3003 912 3092 Sopbr.
937 3003 990 3070 54.

304 3107 338 3186 2)
372 3105 561 3172 Pronomen
583 3105 691 3185 οὗτος,
716 3107 804 3197 quod
826 3118 939 3172 estex
959 3107 1097 3174 articulo
1119 3107 1310 3186 derivatum,

219 3207 406 3275 necessario
434 3211 471 3275 in
503 3209 702 3276 nominativo
730 3210 868 3299 pluralis
895 3208 1031 3274 eandem
1053 3237 1070 3273 r
1092 3207 1312 3300 praeponendi

219 3311 488 3378 consuetudinem
519 3313 737 3402 sequebatur,
771 3337 831 3380 nee
861 3313 968 3378 solum
998 3311 1199 3402 grammatici
1215 3315 1242 3388 ²)
1273 3313 1310 3378 de

219 3411 354 3478 Dorieis
386 3419 491 3479 τοῦτοι
522 3427 555 3480 et
587 3420 696 3479 ταῦται
726 3426 906 3492 testantur,
959 3417 1017 3480 sed
1057 3413 1179 3502 legitur
1211 3419 1310 3479 τοῦτοι

221 3511 340 3602 Sopbr.
370 3514 433 3599 55,
476 3521 585 3582 andem
611 3513 732 3606 Sopbr.
761 3517 815 3584 88.
870 3517 908 3582 ln
939 3517 1044 3582 titulis
1075 3517 1310 3586 recentioribus

220 3616 373 3704 vulgares
395 3619 517 3686 formas
538 3643 629 3702 esse,
654 3630 691 3686 ut
713 3618 799 3686 οὗτοι
822 3619 925 3684 Phoe.
948 3619 988 3685 81
1012 3618 1078 3698 R„
1104 3642 1171 3682 non
1194 3619 1308 3686 mirum

222 3729 284 3782 est.
315 3757 353 3768 —
397 3721 528 3787 Deinde
548 3723 628 3788 satis
650 3731 802 3810 apparet,
835 3720 1014 3807 genitivum
1037 3719 1198 3808 pluralem
1221 3721 1310 3786 lauri·

221 3818 313 3899 nini,
337 3821 393 3910 qni
416 3847 433 3886 a
453 3829 508 3885 πᾶν
530 3825 697 3888 derivatur
716 3835 748 3888 et
770 3845 811 3888 ex
826 3823 961 3911 antiquo
974 3822 1112 3886 ταυτάων
1128 3833 1310 3887 contractus

222 3934 291 4006 est,
314 3929 426 3988 ταυτᾶν
449 3947 523 3989 esse
544 3937 694 4015 oportere
716 3925 918 4016 provulgari
935 3924 1066 4000 τούτων,
1089 3923 1190 4014 idque
1206 3924 1309 4014 ipsum

218 4071 349 4080 u-a-na-
353 4073 497 4082 ...οι-ι...-

256 4153 285 4220 2)
323 4152 454 4224 ΛροΙΙοιι.
474 4153 511 4232 ds
528 4154 589 4208 adv.
609 4158 677 4220 592,
696 4159 728 4220 t,
753 4154 788 4210 de
808 4169 887 4224 pron.
905 4159 946 4214 rt.
968 4157 1007 4222 Β,
1031 4155 1067 4210 de
1085 4165 1159 4225 synt.
1178 4157 1245 4220 ΙΙΙ,
1263 4153 1310 4214 an

223 4241 294 4294 rnals
313 4240 393 4295 etiam
411 4245 503 4302 τοῦτος
521 4241 623 4296 Doridi
641 4241 813 4298 adscribitur
834 4247 903 4299 dnn.
923 4245 999 4298 Oxx.
1022 4245 1050 4310 l,
1068 4245 1135 4304 tlt,
1155 4245 1194 4296 lo.
