2814 4760
220 340 297 416 too
391 347 395 358 '
473 336 506 432 §.
528 335 587 415 47.
642 339 699 412 De
719 337 893 414 universe
918 337 1066 414 Doride.

219 543 321 632 louge
351 540 481 624 aberat,
513 539 554 606 ub
583 540 717 633 entique
739 541 938 610 Graecorum
966 543 1082 632 lingua
1109 545 1167 610 vix
1193 545 1326 630 minus,

220 645 381 712 diversum
401 655 509 708 tamen
532 642 569 708 in
590 655 736 734 purtem,
760 646 911 724 aberant,
943 668 1041 734 quum
1061 645 1170 712 Attici
1190 647 1325 740 ingenii

219 748 402 815 mobilitate
423 745 585 831 insigues.
638 745 833 814 Memineris
854 747 973 829 etium,
1007 759 1145 836 quuutss
1165 750 1321 818 mutatic-

219 874 280 916 nes
303 849 546 930 Romanorum,
577 871 675 937 qrrem
695 847 853 938 populum
876 847 932 914 vix
953 871 1112 916 uovorum
1136 851 1324 920 studiosum

221 950 363 1034 dixeris,
385 949 502 1038 lingue
517 949 668 1016 subierit.
715 949 852 1016 Scilicet
874 950 909 1016 iu
931 950 1066 1039 liuguae
1080 953 1322 1022 mutationibus

218 1055 304 1122 nibil
330 1053 416 1120 velet
442 1051 640 1137 consilium,
673 1052 762 1142 quod
792 1053 900 1119 solum
922 1066 1039 1142 regnet
1066 1054 1102 1120 in
1130 1055 1265 1146 legibus
1289 1067 1322 1124 ct

219 1157 381 1223 institutis
409 1155 590 1233 novandis,
624 1155 763 1220 multum
791 1154 962 1244 potestatis
989 1169 1119 1223 exercet
1140 1159 1177 1224 iu
1198 1181 1319 1226 mores.

221 1259 354 1344 Quibus
375 1258 581 1350 potissimum
610 1255 710 1321 rebus
736 1257 811 1342 list,
845 1268 882 1322 ut
912 1258 1047 1348 entique
1074 1259 1209 1350 liuguse
1237 1261 1321 1329 rstio

219 1372 275 1430 eut
296 1361 485 1430 immutetur
514 1370 569 1424 sut
598 1369 828 1443 conservetur,
869 1371 903 1426 et
925 1359 1057 1428 difficile
1080 1375 1131 1428 est
1152 1364 1194 1431 ad
1215 1365 1319 1454 expli·

220 1465 359 1532 cendum
381 1475 414 1530 et
436 1462 476 1528 sb
498 1463 561 1528 boc
582 1462 657 1528 loeo
678 1461 835 1528 alienum.

226 1597 231 1608 ·
303 1566 339 1654 2)
382 1567 422 1632 lu
453 1564 643 1632 uuiversum
680 1563 841 1632 Doridem
878 1563 1082 1632 consuntire
1117 1564 1154 1630 in
1186 1568 1319 1660 antiqua

220 1670 337 1760 lingue
358 1669 473 1754 leude,
497 1667 528 1733 si
548 1691 585 1732 eu
606 1665 679 1732 leus
702 1677 772 1752 est,
797 1691 862 1734 uou
885 1667 1071 1756 privamus,
1100 1668 1319 1761 antiquiorem

218 1772 426 1862 potissimum
460 1769 619 1838 Doridem
653 1793 728 1836 curn
769 1769 970 1860 reliquorum
1010 1769 1219 1838 dialectornm
1253 1795 1318 1860 per

220 1874 358 1941 eundem
388 1885 524 1942 aetutem
555 1873 744 1940 conditione
773 1883 1000 1962 comparatam.
1053 1869 1139 1938 Nem
1159 1873 1318 1940 Doridem

219 1977 355 2066 sprimu
379 2001 486 2066 usque
500 1976 632 2042 dialecti
648 1976 778 2066 origiue
799 1999 865 2041 nou
888 1972 1091 2044 immobilem
1112 1987 1145 2040 et
1166 1975 1321 2044 intactam

219 2078 368 2162 stctisse,
399 2077 458 2142 sed
480 2079 584 2146 verius
605 2079 804 2172 mutationes
827 2076 960 2142 subisse
983 2087 1017 2144 et
1036 2077 1122 2143 rstio
1143 2078 1268 2144 evincit
1288 2091 1321 2146 et

218 2200 316 2268 supro
345 2178 506 2244 monitum
537 2191 587 2245 cst
615 2180 647 2262 ξ.
671 2181 710 2262 1,
733 2181 765 2244 3.
824 2175 901 2244 tam
923 2179 1036 2269 paullo
1065 2179 1251 2246 accuratius
1278 2181 1321 2249 de

217 2281 261 2347 iis
284 2279 520 2347 mutationibus
542 2279 705 2369 agendum
728 2290 798 2364 cst,
833 2304 917 2370 quae
949 2282 1136 2348 uniuersam
1157 2282 1321 2351 Doridem

217 2393 379 2476 teuguut3
403 2383 610 2472 singulorum
627 2383 715 2450 euim
733 2406 892 2476 generum
909 2382 1078 2452 historiam
1093 2385 1193 2470 inire,
1216 2411 1320 2477 quan·

218 2497 288 2554 tum
308 2487 407 2573 licet,
432 2485 682 2552 delinccbimus.

301 2590 387 2657 Tres
415 2589 552 2658 Doridis
580 2595 701 2656 aetates
732 2588 936 2680 distinguere
964 2591 1062 2674 licet,
1101 2590 1320 2683 antiquum

218 2692 378 2762 Doridem
393 2705 467 2760 autc
481 2693 633 2784 quintum
651 2692 721 2759 l'ere
739 2693 905 2760 succulum
915 2739 926 2778 ‚
951 2693 1122 2760 mediam
1143 2718 1204 2784 per
1222 2695 1319 2785 qain-

217 2807 288 2862 tum
310 2807 343 2862 et
363 2807 514 2886 quartum
545 2796 731 2878 saeculum,
763 2805 976 2860 recentem
1005 2820 1024 2861 a
1054 2795 1164 2888 quarti
1193 2799 1319 2864 sseenli

221 2899 312 2964 exitu
333 2894 439 2987 nique
461 2897 502 2962 sd
523 2897 666 2964 Doricae
688 2897 820 2964 disleeti
840 2897 1021 2962 interitum.
1073 2897 1142 2962 Vix
1161 2921 1247 2988 opus
1268 2911 1321 2966 est

218 3019 369 3074 mouere,
394 3021 459 3064 nou
482 2999 592 3065 subito
613 3000 755 3088 quodam
775 2999 900 3088 inipetu
923 3010 956 3066 et
975 3000 1071 3088 quusi
1094 3001 1178 3065 saltu
1200 3001 1237 3066 in
1259 3025 1318 3070 uo·

164 3153 166 3160 .
218 3123 292 3168 ram
313 3124 476 3190 quemque
496 3111 644 3168 ‚estatem
672 3099 844 3168 mnusitum
874 3125 949 3168 esse
971 3123 1079 3191 neque
1100 3102 1215 3170 eodem
1237 3113 1317 3171 tem·

217 3191 297 3294 pore
319 3202 359 3270 sb
389 3203 541 3271 omuibus
569 3205 701 3295 populis
721 3201 875 3282 Derieis,
908 3215 945 3270 ut
965 3202 1127 3292 Cyrenaei
1153 3217 1232 3296 post
1258 3231 1316 3274 sa·

219 3329 298 3372 num
330 3305 595 3375 ducentesimum·
622 3331 652 3374 s.
686 3306 765 3374 Cbr.
807 3331 877 3374 scm
914 3307 1063 3398 liugnam
1094 3320 1314 3392 servaverant,

219 3433 315 3500 quum
344 3409 387 3475 ad
413 3411 554 3476 mediam
573 3409 733 3478 Doridem
762 3409 879 3478 referri
900 3421 1058 3499 oportent.
1083 3437 1091 3462 ν
1115 3407 1189 3475 Nec
1210 3409 1316 3500 mugis

218 3533 286 3577 nuo
308 3511 488 3603 eodemque
506 3525 650 3606 tempore
663 3513 818 3582 Doricam
837 3511 1011 3580 dialectum
1025 3510 1213 3601 abrogatum
1230 3537 1315 3596 esse,

221 3635 319 3704 supra
342 3614 514 3684 docuimus
534 3617 567 3701 ᾖ.
592 3619 629 3695 1,
653 3617 685 3684 3.

303 3716 356 3784 De
389 3717 564 3808 antiqua
589 3717 716 3784 Doride
744 3729 878 3809 propter
905 3715 1046 3784 fontium
1067 3717 1241 3807 pecudum
1261 3743 1318 3808 pa·

160 3839 166 3859 ·
219 3841 293 3884 rum
322 3831 460 3886 constat.
515 3819 626 3903 Quum
656 3821 743 3887 euim
763 3819 903 3887 Alcman
931 3843 998 3886 nou
1022 3819 1066 3886 sit
1086 3841 1168 3909 pura
1190 3820 1318 3888 Doride

220 3943 322 4005 usus,
343 3922 440 4010 pauci
462 3921 571 4005 tituli,
602 3921 659 4011 qui
680 3923 733 3988 vel
755 3921 996 4012 corruptissimi
1017 3933 1094 3986 snut
1114 3921 1168 3988 vel
1190 3921 1315 3990 brevis·

221 4022 318 4105 simi,
350 4023 413 4090 soli
435 4023 561 4112 aliquid
580 4023 729 4091 certioris
752 4024 953 4114 cognitionis
974 4023 1198 4113 suppeditant.
1251 4023 1317 4090 llis

223 4125 363 4192 ducibus
385 4127 539 4216 autiquae
560 4125 680 4194 Doridi
702 4127 843 4218 primum
866 4124 1068 4194 vindicemus
1086 4125 1229 4216 psilosin
1251 4126 1317 4192 Le·

221 4227 351 4298 sbiacse
361 4229 506 4298 similem
520 4228 546 4296 i.
559 4251 589 4296 e.
604 4231 725 4321 asperi,
749 4230 887 4323 quinon
904 4253 924 4298 e
942 4227 1098 4297 consonis
1112 4227 1318 4320 spirantibus
