2866 4766
206 333 283 416 334
575 333 633 407 Dc
654 327 922 432 conjugatione.
1039 400 1045 409 ,

205 541 235 623 l,
257 539 300 606 58
321 535 377 602 τᾶν
393 539 463 621 yciv,
485 533 526 600 tn
547 559 589 600 sn
609 533 697 602 αὐτοὶ
717 535 1110 620 sancrosanctum?
1131 535 1316 622 ciprdomm

144 643 150 654 “
204 643 227 721 η*
259 640 462 722 ἀποδῶνται,
505 663 604 730 quem
634 639 745 728 potius
778 639 937 706 aoristom
967 638 1109 730 primum
1140 641 1316 731 appellare

206 754 334 836 oportet
354 767 373 808 a
393 743 539 832 perfecto
560 741 675 808 codem
697 741 795 810 modo
820 743 1025 825 derivatum,
1059 753 1096 810 ut
1123 743 1228 832 vulgo
1259 744 1315 810 fu·

203 859 314 912 turum
344 845 496 926 tertium,
531 844 614 910 nisi·
630 845 799 936 praeferas
831 869 851 909 o
879 844 924 910 ita
946 844 1105 910 inscrtum
1127 856 1245 934 putare
1277 857 1316 912 nt

205 950 242 1014 in
262 945 474 1034 ysync'rpcrns,
497 957 553 1012 aut
574 946 656 1012 aden
678 945 796 1012 aerarii
817 969 961 1012 errorem
981 945 1154 1036 suspicari.

291 1049 528 1138 optativus
557 1048 743 1114 aPindaro
764 1058 940 1140 usurpatus
969 1049 1026 1131 (fr.
1050 1046 1131 1134 277)
1160 1050 1312 1132 μεμναῐτο

204 1177 266 1246 pro
286 1156 419 1242 μεμνῇτο
448 1153 502 1220 vel
530 1155 666 1234 μιμνῷτο
688 1150 833 1218 Doricus
863 1151 985 1217 dicitnr
998 1157 1046 1236 ⁴),
1080 1151 1162 1219 satis
1188 1152 1314 1242 proba·

144 1272 147 1282 ’
204 1257 328 1326 bilitcr.
1147 1311 1150 1318 .

290 1357 430 1446 Reliqui
458 1354 633 1444 subjectivi
661 1353 751 1422 modi
780 1355 866 1423 nilril
888 1355 1016 1446 proprii
1036 1353 1158 1423 lrabeat
1178 1369 1313 1446 praeter

205 1461 334 1530 tertiam
346 1458 507 1550 pluralem
522 1457 720 1547 imperativi,
743 1458 785 1524 de
800 1481 865 1548 qua
884 1481 982 1546 supra
997 1455 1141 1524 diximus
1153 1457 1187 1542 ἓ.
1203 1459 1259 1542 36,
1273 1461 1308 1526 f.

290 1562 326 1652 7)
370 1563 410 1628 ln
432 1559 622 1626 universnm
645 1560 687 1628 de
708 1561 848 1653 perfecti
869 1559 1103 1649 conjugatione
1124 1559 1247 1628 Dorica
1271 1562 1309 1626 in

204 1669 292 1735 lranc
312 1665 470 1733 rationem
489 1662 705 1750 judicandum
728 1676 790 1731 est.
820 1663 1010 1730 Perfectum
1024 1661 1060 1726 in
1075 1662 1309 1754 antiquissima

205 1769 406 1836 Graecorum
427 1765 544 1858 lingna
562 1765 681 1832 iisdem
701 1767 771 1834 fere
790 1764 1077 1833 terminationibus
1100 1789 1195 1832 usum
1213 1788 1304 1849 esse,

205 1872 329 1963 quitum
360 1869 552 1958 conjugatio
579 1867 615 1932 in
646 1893 700 1951 μι,
736 1867 913 1936 Homerica
946 1867 1108 1934 dialectos
1138 1865 1305 1958 patefacit.

207 1977 332 2043 Postea
362 1993 464 2061 quum
491 1970 630 2059 perfecti
657 1993 739 2036 usus
768 1971 813 2035 ita
833 1981 1033 2061 propagatos
1056 1981 1146 2036 esset
1167 1969 1309 2060 ejusque

204 2073 376 2156 formatio,
410 2072 446 2136 in
475 2072 641 2158 objectivo
671 2073 811 2155 saltem,
843 2072 889 2138 ita
917 2083 1056 2157 mutata,
1089 2084 1127 2138 ut
1150 2071 1308 2162 antiquae

206 2171 453 2266 coujugationis
474 2173 558 2238 ratio
579 2183 636 2238 ant
656 2172 879 2240 obsolesceret
899 2184 955 2239 aut
975 2197 1018 2240 ne
1037 2185 1151 2266 posset
1171 2175 1305 2264 quidem

207 2275 349 2361 servari,
385 2275 507 2340 factum
537 2285 606 2358 est,
640 2283 676 2339 ut
706 2274 822 2365 lingua
855 2275 936 2342 alias
967 2277 1137 2368 analogias
1169 2289 1306 2367 sequuta

205 2377 474 2448 terminationum
495 2375 655 2443 rationem
678 2389 828 2445 mutaret.
859 2377 906 2444 Ut
926 2379 989 2445 alia
1002 2403 1091 2447 nunc
1104 2380 1304 2463 omittamus,

126 2531 130 2542 ,
204 2479 460 2570 conjunctivus,
497 2479 711 2570 imperativus
740 2491 773 2546 et
805 2480 967 2570 optativus
1000 2481 1097 2548 etiam
1129 2482 1165 2546 in
1193 2483 1303 2549 Attica

204 2587 322 2678 lingua
350 2583 391 2650 ad
418 2582 686 2671 conjugationem
713 2582 748 2648 in
780 2609 804 2646 ω
826 2583 1046 2668 transierunt,
1079 2584 1139 2652 ille
1167 2583 1301 2675 ubique,

87 2737 90 2744 .
204 2689 243 2755 hi
272 2686 425 2754 subinde.
482 2683 631 2752 Ulterius
657 2685 826 2776 progressi
848 2698 926 2752 snut
946 2707 1048 2776 quum
1069 2709 1184 2752 omncs
1204 2686 1304 2753 Dori·

207 2813 306 2858 enses
334 2800 404 2854 turn
434 2785 654 2876 Syracusani,
686 2787 743 2878 qui
771 2787 868 2854 ctiam
897 2787 1097 2876 singularem
1118 2789 1302 2874 indicativi,

206 2890 426 2965 infinitivum,
457 2888 652 2955 femininum
673 2887 839 2978 participii
861 2901 894 2957 et
914 2890 1042 2956 tertiam
1064 2891 1224 2982 pluralem
1247 2893 1303 2958 olt-

202 2991 321 3080 jectivi
343 2989 525 3057 secundum
549 2991 639 3056 illam
661 3013 806 3056 normam
828 2993 1079 3060 conformarent.
1133 2993 1203 3060 Cur
1223 2995 1304 3062 reli-

60 3157 62 3169 ,
206 3093 304 3184 quis,
326 3091 449 3181 plurali
469 3091 674 3181 potissimum
698 3091 869 3160 indicativi
892 3108 925 3162 ct
940 3093 1105 3185 participii
1120 3097 1302 3164 masculino

205 3198 243 3264 in
274 3193 438 3282 objectivo
465 3193 561 3260 ctiam
585 3193 785 3283 Syracusani
814 3197 1032 3287 antiquiorem
1061 3197 1199 3263 formam
1226 3201 1301 3267 reli·

206 3297 359 3390 querint,
383 3319 540 3388 quaerere
560 3296 615 3361 vix
636 3296 726 3362 licet.
771 3297 959 3364 Infinitivus
980 3309 1087 3364 tamen
1108 3322 1150 3364 cx
1170 3301 1301 3392 antiqua

208 3399 451 3494 coujugationis
480 3398 515 3463 in
544 3423 579 3479 pe
606 3397 800 3486 cognatione
822 3401 856 3465 in
877 3399 1093 3466 llcraclccnsi
1111 3409 1302 3486 πεφυτευκῆ-

206 3529 261 3588 μεν
281 3516 314 3570 et
335 3501 556 3590 Archimeden
578 3503 771 3584 πεπονθὲμεν
791 3501 1052 3570 terminationem
1073 3529 1127 3586 μεν
1148 3507 1300 3586 servavit,

206 3606 312 3672 vocali
333 3618 442 3672 umen
465 3605 598 3670 inserta.
652 3603 774 3684 Plora,
807 3629 892 3694 quae
912 3605 1057 3672 Atticam
1086 3631 1219 3698 quoqne
1239 3609 1300 3676 lin·

209 3732 307 3798 guam
328 3717 484 3798 tangant,
516 3729 605 3772 nuuc
631 3707 799 3798 disputare
827 3709 1001 3794 nolumus,
1036 3707 1096 3774 scd
1117 3712 1179 3776 lroc
1200 3735 1301 3778 unum

213 3873 463 3896 ‚..........-..-.

241 3973 271 4035 l)
306 3969 353 4024 Et.
372 3969 412 4024 M.
430 3971 500 4036 579,
521 3971 544 4024 l·
578 3970 708 4039 μεμνὶᾳτο
733 3995 763 4010 -
791 3964 912 4032 Ξενοφῶν
932 3971 960 4024 dl
984 3974 1099 4038 μεμνᾷτο
1122 3968 1186 4023 ἄνευ
1209 3973 1258 4026 τοῦ
1274 3985 1299 4022 a·

205 4057 316 4131 Κράτης
341 4058 369 4110 dl
392 4061 529 4120 nanneten·
566 4055 597 4110 sd
621 4059 649 4112 dl
670 4053 799 4122 ἀνάλογον
820 4061 932 4131 μεμνῇτο
955 4055 1001 4112 dcci
1016 4061 1065 4112 τοῦ
1083 4061 1101 4128 ἢ
1120 4059 1299 4128 agnoscantur·

204 4149 253 4198 rori
275 4149 305 4198 ῖ·
343 4145 473 4216 Πίνδαρος
498 4145 527 4201 di
545 4143 732 4219 Aupsadrapov'
748 4143 793 4198 daci
820 4147 868 4215 τῆς
891 4147 927 4198 cii
947 4147 1091 4210 μιμναίωτο
1108 4143 1206 4216 (Sylla.
1225 4155 1300 4200 recte

206 4229 364 4287 emendavit
381 4233 525 4296 μιμοῖτο).
