2844 4770
206 347 257 426 88
560 351 619 426 De
644 349 933 426 consonantibus.

209 555 257 621 lta
278 556 313 622 in
333 555 438 620 Tabb.
461 553 593 624 llerrel.
616 558 695 622 haee
714 556 812 623 dativi
839 555 985 645 exempla
1013 554 1184 643 legunture
1218 553 1253 632 l,
1275 556 1301 622 2

208 657 409 722 ποιόπασσιν
430 657 528 740 αὕτα,
561 659 602 725 56
623 656 765 723 innuosa
785 659 868 743 πάρ,
903 659 965 724 110
985 655 1240 742 πρασσόντασσι·
1265 657 1303 720 αἶ

209 759 260 837 δι’,
292 760 352 826 tut·
374 757 604 844 ὑπαρχόνιασσι
627 761 788 845 osoplon.
811 799 853 811 ·-
895 759 935 824 ln
956 759 1050 826 tertia
1071 757 1207 849 pluralis
1228 781 1299 826 ver-

208 859 323 926 lrorum
343 860 377 925 in
398 860 441 930 ἶ,
470 871 608 927 exeunte
630 884 795 950 nunquam
816 889 833 925 ν
853 860 1028 926 assumitur
1051 866 1110 944 ¹²),
1142 859 1183 925 tle
1203 859 1301 926 tertia

208 960 387 1050 singularis
415 965 493 1040 ἐντί,
529 985 612 1052 quae
633 989 650 1026 ν
670 961 777 1027 addito
797 962 927 1052 saepius
949 962 983 1028 iu
1006 962 1299 1052 Pythagoreorum,

209 1087 292 1152 quae
314 1065 483 1148 feruntur,
506 1063 639 1154 seriptis
659 1062 796 1152 legitur,
818 1063 884 1130 vid.
908 1063 941 1146 5.
963 1063 1014 1131 38.
1060 1064 1142 1130 ltem
1163 1063 1203 1130 le
1224 1060 1302 1128 aliis

209 1186 268 1230 suo
289 1165 362 1232 loeo
383 1176 507 1256 agetur.

292 1269 347 1349 13)
391 1269 440 1334 Ex
469 1267 601 1356 antiqua
629 1265 796 1332 literatura
823 1267 1023 1357 antiquiores
1044 1267 1152 1332 Dor-es
1172 1265 1301 1334 literam

208 1365 346 1457 Roppa,
369 1393 453 1458 quae
475 1393 493 1434 a
514 1368 650 1458 reliquis
673 1367 808 1434 Graecis
829 1381 953 1435 mature
975 1379 1096 1434 utnon
1116 1367 1302 1436 necessaria

208 1470 360 1558 usurpari
381 1467 483 1536 desita
505 1481 592 1555 erat,
620 1469 684 1536 soli
706 1469 828 1536 diutius
850 1471 1068 1552 retinuerant,
1100 1469 1237 1538 fortasse
1257 1470 1302 1537 si·

208 1571 278 1635 mul
299 1571 440 1638 rudioris
463 1573 558 1656 soni,
581 1593 664 1662 quae
686 1571 850 1658 eiliterae
873 1573 975 1639 luisse
990 1571 1137 1656 videtur,
1159 1573 1303 1640 macio-

207 1694 273 1737 res.
328 1671 505 1763 Reponitur
533 1673 671 1740 maxime
698 1685 772 1741 ante
804 1697 944 1765 sequens
966 1699 1002 1759 o,
1045 1685 1081 1740 ut
1101 1671 1136 1738 in
1157 1675 1303 1740 nummis

209 1771 360 1839 Corinthi
385 1785 417 1840 et
440 1775 612 1860 Crotonis,
642 1776 836 1860 ῼορινθόθεν
858 1777 898 1845 C.
923 1777 950 1842 l.
974 1801 1026 1840 nr.
1049 1776 1108 1861 29,
1150 1773 1243 1861 ὄρρος
1264 1777 1302 1844 iu

208 1872 312 1940 titulis
334 1874 490 1944 Phliasiis
511 1903 562 1944 nr.
582 1878 623 1945 37
645 1889 677 1944 et
698 1877 797 1944 Rois.
820 1879 861 1944 lt.
884 1879 1000 1969 Pelop.
1024 1879 1040 1944 l
1061 1903 1094 1968 p.
1111 1877 1174 1961 31,
1194 1883 1304 1963 Avon-

210 1973 331 2058 δόρκας
351 1977 385 2042 in
408 1979 525 2064 titulo,
547 1992 584 2043 ut
603 1979 751 2061 videtur,
786 1979 950 2047 Cleonaeo
977 2005 1029 2046 ur.
1054 1979 1137 2062 166,
1158 1986 1304 2067 apopo-

212 2077 287 2140 σίων
309 2078 342 2142 in
364 2103 496 2145 nummo
524 2081 610 2170 opud
630 2079 758 2146 Mionn.
780 2081 898 2148 Deser.
913 2081 944 2148 ‘l
972 2105 1006 2173 p.
1028 2081 1112 2168 720,
1145 2083 1237 2160 Ῠοῖος
1262 2083 1298 2150 in

208 2175 299 2264 galea
331 2179 503 2270 Olympiae
530 2191 659 2271 reperta
689 2183 831 2249 incertae
860 2183 998 2272 originis
1025 2209 1076 2252 nr.
1100 2188 1160 2273 31,
1197 2184 1300 2270 Pipae

208 2276 242 2342 in
270 2301 345 2344 vase
372 2279 512 2369 Magnae
542 2283 716 2365 Graeciae,
748 2285 872 2351 Annal.
901 2285 955 2354 del
981 2288 1059 2354 inst.
1090 2289 1192 2355 Arelr.
1213 2287 1298 2354 Vlll

209 2379 289 2444 fase.
309 2383 342 2448 2.
387 2383 506 2450 Rarius
529 2395 603 2451 ante
624 2383 704 2452 alias
726 2388 854 2474 voosles
875 2389 1037 2479 reperitur
1057 2415 1118 2457 nee
1140 2386 1216 2458 novi
1235 2389 1301 2456 alia

209 2483 358 2572 exempla
379 2497 603 2578 praeterquam
620 2490 762 2570 Ῡειρίλεω
784 2501 818 2556 et
838 2492 925 2574 s'ttsos
957 2491 980 2556 i.
1002 2514 1032 2558 e.
1056 2491 1153 2571 ἔθηκε
1173 2492 1209 2558 in
1224 2515 1303 2558 vase

209 2607 310 2650 aeneo
331 2585 471 2677 Magnae
488 2591 644 2660 Graeciae
667 2592 706 2658 C.
722 2593 750 2659 l.
774 2617 825 2658 nr.
840 2594 900 2671 32,
923 2593 994 2682 ipsa
1017 2617 1083 2661 non
1104 2593 1299 2662 certissima.

209 2686 299 2752 Anto
330 2703 561 2760 consonantem
593 2707 644 2762 est
673 2695 707 2760 in
736 2719 811 2764 vase
840 2695 933 2761 lietili
961 2692 1100 2784 Magnae
1130 2695 1301 2776 Graeciae,

210 2785 275 2852 vid.
298 2789 424 2862 Annal.
446 2793 468 2858 Ι.
492 2795 537 2878 1.,
561 2797 618 2862 ulti
637 2799 763 2880 Ἐφτορ.

295 2891 394 2956 Alius
416 2895 567 2985 antiquae
588 2899 720 2982 literae,
743 2897 859 2963 sinon
881 2897 1031 2988 signum,
1055 2923 1172 2968 nomen
1193 2913 1303 2968 tamen

210 2987 319 3056 Dores
342 2994 564 3082 retinuerunt,
604 2997 671 3066 San
701 2999 921 3090 appellantes,
953 3001 1041 3092 quod
1064 3003 1165 3094 vulgo
1187 3001 1303 3093 Signia

211 3099 262 3154 est
276 3093 328 3169 ¹³).
373 3093 489 3163 Dorici
512 3097 577 3164 San
600 3123 716 3166 sonum
736 3101 846 3191 paullo
867 3103 1030 3170 rudiorem
1050 3104 1153 3171 luisse
1173 3103 1302 3171 Boeelr-

210 3189 284 3256 lrius
307 3197 491 3286 suspicatur
511 3202 647 3290 ejusque
669 3203 840 3292 vestigium
858 3203 1018 3294 quoddam
1039 3229 1166 3272 servare
1187 3206 1303 3274 literae

209 3291 482 3385 duplicationem,
519 3327 600 3392 quae
630 3303 664 3372 in
693 3305 826 3372 Dorieis
852 3305 989 3374 maxime
1018 3307 1123 3372 titulis
1154 3319 1228 3374 ante
1250 3331 1302 3374 se-

210 3409 362 3484 quentem
394 3417 625 3471 consonantem
658 3409 836 3500 reperitur,
879 3420 914 3474 ut
943 3407 1198 3495 Ἀρισστόδαμος
1232 3409 1300 3480 vit.

208 3497 286 3566 nn.
310 3502 341 3585 s.
367 3505 425 3588 13,
447 3507 479 3572 2.

210 3621 487 3639 Ἧ-

244 3715 287 3780 ¹²)
323 3717 482 3776 nnnoxx.
501 3725 529 3791 1,
552 3728 615 3795 117,
634 3731 676 3784 31.
711 3728 746 3781 τὰ
763 3729 853 3801 Δώρια
869 3728 900 3782 τὸ
917 3751 931 3782 o
948 3730 979 3784 ool
998 3727 1213 3804 προλαμβάνουσι
1231 3729 1303 3798 (leg.

208 3803 328 3870 ''etsi-l·
356 3810 434 3867 porta
451 3808 482 3862 oti
501 3813 616 3878 λέγουσιν
632 3813 691 3868 οὐδὲ
708 3817 826 3885 ritimis·
848 3845 883 3856 -
916 3815 950 3870 roi
969 3819 997 3871 st
1013 3817 1048 3878 rte
1063 3821 1080 3870 f
1098 3819 1165 3885 (leg.
1184 3822 1222 3877 τι)
1240 3815 1304 3870 Δό-

207 3905 253 3956 pao
269 3884 388 3951 ὀνόματα
405 3898 587 3966 προλαμβάνει
604 3901 674 3969 (leg.
692 3902 895 3974 προςλαμβάνει)
912 3902 944 3958 τὸ
960 3908 993 3957 o·
1021 3905 1115 3974 oleoso,
1139 3903 1236 3965 rixare,
1263 3905 1304 3956 al-

206 3991 279 4024 nam
296 3973 352 4030 ἀλλ’
372 3980 537 4052 impiisimum
555 3984 615 4051 οὐχὶ
633 3989 700 4056 (leg.
719 3987 789 4042 stt&
805 3989 840 4043 roi
857 3990 964 4062 ῥήματα
980 3989 1060 4058 οὗχλ).

239 4063 283 4128 ¹³)
318 4063 421 4120 Heron.
443 4069 472 4136 1,
493 4075 558 4139 1³9,
577 4075 677 4129 Athen.
698 4077 742 4143 X,
762 4077 820 4131 161.
841 4079 880 4146 Α,
902 4077 1011 4135 Scholl.
1030 4075 1117 4132 Arist.
1137 4079 1210 4146 qu.
1231 4079 1297 4146 61111,

204 4145 407 4292 illuminem&
430 4159 462 4211 31
482 4169 511 4212 et
530 4162 606 4228 1111,
623 4161 675 4228 21,
697 4165 733 4220 ct.
751 4163 836 4220 Pind.
854 4166 888 4221 t'r.
906 4169 941 4222 4⁷
960 4177 988 4222 et
1004 4165 1130 4222 Boeckh.
1149 4165 1217 4220 Oee-
1237 4165 1303 4222 ctv.

254 4248 279 4300 1)·
317 4253 329 4287 -“
351 4277 357 4292 ·
1039 4259 1041 4264 ’
