2872 4780
341 345 375 440 §.
394 349 458 426 29.
510 351 567 424 De
590 375 612 438 η
637 373 704 446 pro
725 379 753 422 ss
777 362 814 424 et
835 375 860 420 ω
886 373 953 446 pro
978 377 1027 424 ov.
1164 345 1235 426 155

142 555 256 624 hatur
269 558 318 642 ³)3
340 556 419 624 item
439 553 615 626 severioris
628 553 766 623 Doridis
786 565 863 624 sunt
878 552 1085 644 participium
1104 561 1237 620 soculo-

142 657 299 742 μακωθῆς
319 659 453 728 llsrsel.
476 658 506 742 Ι,
523 659 545 726 8
563 681 623 747 pro
645 659 919 739 smntopueottslc
939 668 973 726 et
992 655 1173 743 adjectiva,
1196 657 1237 726 de

142 760 267 852 quibus
284 761 486 850 grammatici
501 760 613 828 miuus
629 760 762 852 quidem
778 769 926 828 aoeorate
941 769 1101 827 testantur
1114 759 1157 844 ³),
1181 785 1239 845 xn-

144 867 229 950 plue,
252 862 415 949 oiorspo'no.
434 862 596 948 αἱματόης.
618 863 745 930 Eodem
757 861 899 952 pertinet
908 861 1073 930 Leoouiea
1085 861 1240 930 Aemula-

145 965 198 1056 pii
217 966 394 1056 appellatio
415 965 560 1055 Αἰγλάηρ
581 965 649 1035 vid.
672 965 704 1049 ἓ
724 967 758 1050 8,
783 965 849 1034 21.
866 987 897 1032 e.
923 961 1070 1048 αἰγλάης,
1093 963 1238 1048 αἰγλήεις.

146 1066 220 1134 Neo
232 1069 302 1134 lere
315 1069 422 1138 aliena
438 1082 515 1138 suut
532 1069 634 1153 duone
645 1067 768 1136 Laeon.
783 1067 867 1135 1461
880 1090 940 1156 pro
951 1065 1064 1152 ἄρσην,
1080 1090 1165 1158 quae
1178 1091 1242 1135 vox

147 1183 315 1262 assumpto
341 1171 480 1264 evulgo
503 1172 610 1257 ἄρσεις
632 1181 763 1238 sonaret
783 1180 816 1238 et
838 1167 899 1252 μής
919 1168 1051 1236 fler-sel.
1074 1168 1116 1236 B.
1139 1171 1157 1236 1
1181 1195 1241 1260 pro

146 1271 228 1356 μήν,
252 1273 348 1360 eujus
369 1273 534 1364 antiquior
554 1275 659 1342 forma
680 1284 713 1340 et
732 1271 818 1364 apud
840 1271 938 1338 lonos
959 1282 992 1338 et
1011 1271 1098 1362 apud
1112 1271 1243 1342 Atticos

147 1387 201 1442 eet
220 1377 297 1458 μείς.
330 1415 372 1430 --
413 1374 644 1444 Nominativns
672 1375 709 1442 in
739 1401 782 1450 ως
802 1398 862 1465 pro
884 1399 938 1452 ooo
959 1397 1035 1462 gon.
1059 1400 1146 1451 onoc
1165 1399 1243 1444 caso

148 1477 266 1546 nullus
293 1477 432 1546 traditus
459 1489 530 1566 eat3
562 1501 670 1568 neque
690 1489 798 1544 umen
820 1477 969 1544 dubitare
989 1476 1070 1543 lieet
1088 1478 1172 1568 quin
1193 1503 1243 1544 se·

148 1581 262 1648 verior
281 1579 384 1648 Doris
406 1579 517 1659 dadolo,
541 1579 603 1658 dole
623 1604 684 1670 pro
698 1577 806 1655 διδούς
826 1591 859 1646 et
881 1578 956 1656 δούς
977 1579 1110 1664 dixerit,
1132 1605 1244 1673 quem·

149 1681 325 1750 admodum
357 1682 568 1750 Homericum
600 1679 735 1757 lutoldo
762 1705 823 1772 pro
855 1680 1002 1758 ε’πιπλούς
1033 1707 1052 1749 e
1081 1683 1246 1751 Laeonios

150 1785 293 1854 dialecto
318 1785 477 1876 repetitur
491 1785 530 1864 ¹).
560 1823 601 1836 -
646 1783 799 1852 Ceterum
819 1807 887 1852 nou
908 1807 1041 1870 omues,
1075 1786 1133 1876 qui
1156 1809 1244 1854 save·

149 1888 239 1958 riors
258 1887 384 1956 Doride
405 1887 597 1972 utebantur,
626 1886 873 1954 terminationes
894 1909 950 1954 eas
970 1913 1010 1964 ης
1030 1899 1064 1955 et
1084 1913 1127 1964 ως
1150 1889 1246 1956 labe

150 1992 253 2070 bant,
276 1989 333 2058 sed
354 2013 430 2079 pars
444 1987 652 2058 Cretensium
674 2013 693 2056 e
712 2012 840 2058 summa
860 1987 1053 2080 antiquitate
1074 2014 1123 2066 ενς
1143 2001 1177 2058 et
1193 2017 1246 2068 oss

149 2093 355 2162 retinuerant
374 2091 443 2160 vid.
465 2091 496 2178 ξ.
519 2093 580 2177 ll,
602 2092 753 2184 plerique
776 2089 951 2160 Cretenses
972 2116 1047 2160 eum
1069 2092 1248 2184 Cyrenaeis

149 2197 300 2266 nltimam
323 2193 483 2284 syllabam
503 2195 538 2264 in
562 2219 594 2271 ες
613 2196 669 2264 vel
691 2194 968 2285 oo·oorripielnant
989 2195 1059 2262 vid.-
1080 2197 1113 2281 ξ.
1136 2201 1191 2279 21,
1213 2201 1246 2268 2.

215 2299 253 2377 n)
298 2297 339 2366 lu
373 2295 482 2366 dativo
513 2297 635 2388 plurali
664 2296 779 2364 tertiae
810 2295 1040 2364 declinationis
1071 2301 1164 2368 nulla
1195 2326 1249 2369 es·

153 2401 262 2493 empta
288 2399 531 2468 terminationis
559 2425 615 2479 nos
642 2423 702 2491 pro
729 2423 809 2478 asos,
842 2399 932 2490 quod
959 2423 1095 2480 emam
1113 2405 1249 2494 prodiit,

154 2514 344 2596 supersunt.
389 2501 457 2572 Sed
478 2526 539 2568 ooo
559 2513 610 2570 est
630 2503 665 2570 in
690 2500 851 2572 Creticisa
874 2501 971 2581 2556,
993 2501 1037 2570 29
1058 2506 1169 2573 διδῶσι
1189 2531 1250 2598 pro

155 2609 280 2676 dadosius
301 2629 321 2676 e
342 2604 481 2684 διδόναι,
503 2603 600 2688 2557,
624 2603 677 2672 16.
702 2604 743 2672 19
763 2603 948 2689 μετέχωσιν,
982 2628 1044 2671 neo
1064 2605 1175 2673 minus
1195 2611 1252 2676 un

154 2709 240 2779 2558
260 2707 438 2802 legendum
460 2717 511 2774 est
531 2705 666 2792 ὑπάρχειν
688 2707 721 2771 δέ
743 2703 850 2782 αὐτοῖς
870 2745 911 2756 -
944 2705 1079 2774 ἀπέχω,
1100 2711 1181 2790 (καὶ)
1202 2713 1253 2787 t't·
1381 2703 1384 2710 ·

156 2811 285 2898 simos
312 2813 366 2878 aul
388 2808 522 2896 ἕξᾶγωὰι
550 2809 610 2896 (el’.
633 2833 684 2874 ur.
705 2806 809 2894 2⁵56,
830 2807 873 2877 23
902 2807 1008 2874 oiss'len
1028 2808 1107 2876 ἔστω
1129 2815 1182 2877 sol
1203 2815 1252 2890 ἰς-

156 2916 294 3008 syope'aqr
315 2915 368 2980 aul
389 2913 594 2998 ἔξαγομὲνῳ),
630 2911 688 2978 obi
709 2911 897 2979 Boeolslnius
918 2911 1030 2980 minus
1049 2925 1137 2982 reete
1158 2907 1257 2983 moi

155 3019 221 3086 tuit
242 3017 378 3084 dealem
407 3013 466 3097 (ὥν
488 3015 526 3082 oia
548 3013 736 3100 s)lcoly(o)os
762 3017 818 3080 sol
844 3012 989 3100 estpars.
1040 3015 1253 3108 Conjuuotivi

157 3131 246 3190 terte
268 3141 385 3188 sonere
406 3117 568 3188 dehebant
587 3113 745 3201 εἰςάγωηι
765 3121 819 3182 sul
840 3117 995 3203 ἰξάγωνιι.

221 3221 257 3310 e)
301 3220 506 3290 Severiorem
526 3217 686 3288 Doridem
717 3219 1004 3290 in'lamininoruru
1026 3223 1254 3293 terminatione

157 3352 225 3406 noo
247 3324 404 3392 habuisse
424 3347 484 3415 pro
505 3347 596 3407 eruo,
619 3323 708 3414 qnod
729 3347 770 3389 ex
792 3337 868 3388 non
888 3333 1001 3390 natum
1022 3337 1084 3411 est,
1108 3351 1127 3392 e
1149 3327 1253 3394 Boso-

158 3429 235 3498 tieis
256 3429 402 3506 rodoino,¹
426 3427 579 3494 σταθεῖσα
601 3425 797 3494 ooneludere
818 3425 898 3494 lieet
917 3425 983 3492 vid.
1007 3427 1083 3493 L.l
1105 3429 1137 3511 ἓ.
1152 3429 1206 3514 39,
1219 3432 1251 3498 2.

156 3531 363 3622 Saepissime
392 3539 529 3620 apparet
560 3527 745 3596 terminatio
779 3553 848 3595 ooo
863 3527 891 3618 ⁴)
924 3541 957 3596 et
986 3529 1073 3619 apud
1104 3531 1255 3600 Lacones

196 3744 227 3810 8)
263 3739 300 3798 Et
329 3738 366 3796 G.
387 3740 452 3804 111,
470 3739 514 3796 16.
534 3731 568 3796 sle
585 3733 629 3792 ot
646 3731 821 3806 τοῦῆπαςά
839 3733 978 3806 Δωριεῦσιν
994 3728 1027 3792 ols
1043 3729 1074 3790 τὸ
1089 3734 1189 3806 χαρίεις
1204 3755 1255 3800 χα.

161 3830 226 3901 plns.
273 3827 509 3882 Commemoratur
534 3814 565 3896 als
591 3833 620 3878 ut
646 3821 762 3880 dialecti
793 3819 945 3878 motatione
969 3831 1058 3878 ortum
1086 3837 1102 3876 a
1126 3821 1252 3892 Theogn.

162 3919 241 3970 Oxx.
267 3913 315 3982 ll,
341 3914 399 3968 134.
424 3913 459 3966 ³0
481 3921 510 3964 et
533 3909 636 3964 Arced.
662 3910 728 3976 126,
744 3912 768 3964 9.
802 3937 835 3952 -
871 3907 967 3978 Apoll.
992 3908 1028 3962 de
1046 3907 1108 3966 edv.
1126 3911 1194 3978 513,
1213 3913 1253 3970 16.

160 4003 257 4075 raptae
280 3999 306 4052 iv
328 3999 476 4056 διαλέκτοις.
502 4025 537 4035 -
571 3998 616 4052 Et.
635 3997 669 4051 G.
691 3999 740 4065 86,
758 3998 800 4051 58.
828 3995 856 4048 ou*
879 3991 1009 4048 dedissem
1024 3995 1147 4068 τρέπουσι
1160 3995 1210 4078 1τὴν
1226 3999 1253 4052 Ξῖ

162 4092 307 4154 δίφθογγον
323 4085 357 4147 εἷς
374 4108 405 4154 η,
422 4082 559 4156 ἀπερόης,
577 4083 711 4152 αἱματόης.

198 4177 227 4242 4)
263 4173 333 4228 lude
351 4171 475 4227 Doricus
493 4181 626 4226 vocantur
643 4167 809 4224 Homericae
826 4168 932 4224 formes
948 4167 1055 4244 ἱδρῦσαι
1072 4181 1098 4225 et
1114 4167 1257 4222 mundano

164 4279 218 4335 pro
234 4261 353 4334 ldpodons
370 4269 398 4314 et
414 4257 569 4312 emersimus
586 4259 630 4314 Et.
649 4259 687 4314 11.
706 4259 774 4322 596,
792 4259 836 4313 26.
