2742 4794
223 350 261 443 §.
293 353 332 430 8.
388 353 444 426 De
469 351 707 450 duplicatione
731 343 962 451 liquidirum.
1093 301 1145 434 63

41 555 229 646 antiquitus
264 555 427 644 liquidam
454 580 527 622 cum
557 557 620 623 alia
648 573 846 626 consonante
862 560 1009 646 junctam
1029 559 1145 643 luisse,

42 683 99 748 qua
119 662 242 746 ejecta
266 661 366 725 lones
387 661 529 724 vocalem
550 658 678 726 brevem
696 661 933 750 producebant,
963 662 1084 728 Acoles
1105 663 1145 728 li·

44 760 178 848 quidum
204 759 440 848 duplicabant,
473 758 593 824 Atticis
613 773 761 827 neutrum
782 761 985 828 facientibus.
1028 763 1145 854 Neque

45 863 136 926 aliter
168 885 209 926 se
242 860 364 926 babcut
392 862 440 924 ἕνα
468 883 527 950 pro
557 865 617 940 eiu,
652 865 683 926 ἐν
712 874 744 928 ct
763 866 901 948 πέρ’ῥατα
922 889 981 953 pro
1001 869 1143 951 πείρατα,

46 965 189 1046 uipera,
228 987 313 1052 quac
345 962 539 1048 conjecturis
569 963 792 1064 probabilibus
821 965 957 1030 Aeolica
988 967 1146 1032 babentur
1193 1042 1196 1048 ,

49 1065 123 1145 (rid.
151 1089 212 1128 ur.
238 1064 261 1128 6
289 1075 321 1128 et
341 1065 395 1142 8),
426 1063 564 1152 denique
592 1065 683 1147 yo'm
704 1089 762 1153 pro
782 1071 894 1148 γοῦνα,
925 1065 1001 1151 γόια
1022 1071 1086 1150 (ur.
1109 1070 1145 1140 9)

52 1179 79 1230 ct
96 1166 269 1241 Ζόαιυξος
288 1189 347 1253 pro
368 1164 550 1241 Διώνυσος,
573 1166 732 1242 Διόνυσος
753 1173 817 1248 (nr.
841 1167 906 1251 10).

130 1269 188 1332 Aa
222 1265 288 1354 ipsi
327 1290 454 1356 quaeque
483 1267 605 1332 Aeolus
636 1265 798 1332 interdum
830 1269 960 1334 alteram
989 1269 1147 1361 liquidam

53 1369 264 1445 nimmnt,
287 1368 425 1434 maxime
447 1368 479 1432 iu
502 1368 620 1455 quibus
641 1369 737 1434 etiam
759 1370 863 1434 Attici
884 1385 1061 1460 correptam
1081 1374 1147 1461 syl·

54 1472 161 1536 bbaua
191 1470 328 1536 babent.
373 1470 422 1534 lta
451 1481 576 1558 praeter
603 1472 706 1545 ιιέννος
739 1479 772 1535 et
800 1470 907 1550 sende,
943 1471 982 1536 de
1010 1495 1074 1562 quo
1106 1499 1148 1559 ex

52 1571 250 1638 Herodiano
276 1571 431 1658 colligere
459 1571 554 1650 lieet,
585 1574 677 1658 δὲῤῥαι
706 1571 856 1638 dicebant
885 1585 917 1640 et
938 1575 1032 1660 dabo,
1060 1575 1148 1662 quod

53 1687 159 1739 metro
175 1659 306 1738 'certum
329 1683 379 1736 cst
400 1670 435 1736 S.
461 1673 517 1748 15,
540 1672 741 1764 probabilius
761 1674 806 1738 A.
827 1675 889 1759 293
912 1673 1027 1741 deiude
1049 1697 1150 1766 quum

54 1776 151 1860 Ῑόηα
175 1774 351 1840 Aeolicum
380 1785 529 1858 vocetur,
558 1773 711 1857 καγγόνωι
731 1775 850 1862 legitur
878 1775 913 1842 S.
945 1775 986 1841 14
1014 1788 1046 1842 et
1071 1777 1148 1861 yduoe

53 1877 168 1944 rmior
196 1875 380 1940 emendatio
407 1874 534 1940 videtur
559 1875 635 1941 Alc.
659 1877 711 1941 31.
755 1875 830 1940 Nou
851 1877 957 1942 miuus
979 1901 1019 1942 ex
1039 1901 1148 1945 emen,-

54 1979 190 2044 datioue
223 1975 364 2042 Seidlcri
396 1976 540 2040 faciliore
566 1977 726 2062 περ’ῥάτωι
756 1981 788 2058 (c
814 1977 967 2065 περάτων)
993 1990 1043 2046 est
1067 1982 1145 2048 Alc.

55 2081 116 2162 64,
154 2102 345 2168 quanquam
364 2079 504 2164 περάτων
524 2078 569 2143 A.
591 2081 633 2145 25
663 2090 764 2144 metro
794 2092 915 2146 certum
947 2093 1012 2160 est,
1041 2107 1148 2174 neque

56 2185 166 2248 alicua
188 2192 286 2246 eruut
310 2180 374 2258 ἔνι,
407 2179 478 2243 orion
498 2181 563 2260 (nr.
585 2181 620 2259 6)
641 2192 673 2244 et
692 2181 840 2267 vulgares
862 2183 982 2247 secanae
1004 2184 1054 2265 εἰ,
1079 2183 1145 2250 ode.

56 2285 215 2350 Aliorum
242 2291 388 2370 correpta
416 2293 537 2348 tautum
566 2282 668 2346 lorma
698 2293 832 2347 servan
847 2295 914 2365 est,
944 2296 979 2348 ut
1006 2285 1148 2352 Alcaeus

56 2389 95 2453 fr.
119 2388 168 2452 52
188 2385 317 2467 τιριίας
344 2406 402 2471 pro
431 2386 566 2470 τερείνας
588 2383 670 2448 dixit
685 2387 747 2466 ⁴⁹),
779 2385 864 2472 qnod
886 2385 1021 2451 Aeolica
1050 2387 1149 2474 vulgo

55 2491 205 2572 ιερέηας
238 2507 352 2550 souare
384 2483 530 2550 debebat.
567 2483 634 2550 vid.
666 2507 717 2548 nr.
741 2484 773 2549 5.
823 2485 917 2550 Adeo
948 2486 1004 2550 ubi
1031 2487 1150 2575 reliqui

57 2590 178 2656 Graeci
204 2587 325 2676 duplex
341 2586 377 2656 u
389 2587 568 2668 babebant,
600 2582 723 2649 κάλλιον
743 2585 829 2672 apud
849 2587 1004 2651 Alcaeum
1019 2589 1061 2666 50)
1082 2589 1148 2675 syl-

57 2694 130 2758 laba
171 2702 323 2778 compta
355 2688 488 2753 sonabat
524 2686 649 2764 κάλιον,
689 2687 774 2751 uude
803 2687 932 2776 egregia
966 2688 1150 2776 conjectura

58 2791 225 2882 Bergkius
258 2789 424 2879 Sappboui
454 2791 495 2854 l'r.
528 2790 569 2854 55
599 2787 738 2854 restituit
769 2788 898 2854 κάλιατα
929 2813 988 2880 pro
1016 2789 1149 2873 μάλιστα

58 2903 265 2986 (quanquam
287 2893 436 2957 uolumus
457 2891 533 2955 iude
555 2887 714 2964 κάλλιστος
734 2891 778 2956 A.
801 2892 844 2958 94
865 2895 1013 2974 tentare).
1058 2890 1147 2974 Quo·

57 3023 130 3066 eum
149 2997 324 3076 eubaea-et,
355 2991 441 3081 qnod
461 2991 496 3055 iu
519 2990 614 3068 κάλος
634 2993 777 3058 vocalem
797 2993 1035 3082 corripiebant,
1067 3017 1149 3082 quae

57 3101 142 3193 apud
173 3097 359 3164 Homerum
386 3101 568 3160 constanter
598 3093 786 3182 producitur
813 3105 845 3160 ct
865 3095 951 3186 apud
971 3093 1149 3162 Dorienses

61 3325 122 3336 ..-

87 3485 135 3544 49)
177 3479 256 3531 Anu.
276 3472 331 3526 Ox.
349 3471 381 3539 I,
399 3472 464 3537 413,
481 3473 524 3527 23.
556 3473 687 3539 Ζητιῗται
710 3465 787 3541 tropei
811 3465 851 3540 uqi
874 3463 990 3540 Ἀλκαίῳ
1013 3466 1151 3536 θηλυκόν·

54 3573 168 3638 rupim
187 3555 280 3616 ἔνθόι
295 3553 419 3626 o'rroiput·
443 3557 501 3612 uuit
517 3555 535 3626 ἦ
551 3562 645 3626 τέρενα
662 3555 750 3612 ainau·
773 3563 817 3610 aul
834 3553 1018 3620 Inrationale,
1035 3549 1078 3609 ὅτι
1096 3547 1151 3609 aiud

54 3655 100 3712 aa?
116 3659 210 3720 ιἸρην
236 3641 365 3718 ἤγινικῆ
382 3641 419 3699 ait
436 3641 549 3700 addolor
566 3641 581 3697 ὂ
596 3648 712 3714 adpavot·
740 3637 794 3696 o'ud
811 3639 906 3696 roairou
923 3639 1043 3709 notatu
1057 3643 1152 3711 τιρένη

53 3751 93 3798 ιι
110 3732 277 3799 Atalante·
302 3735 413 3802 nuptm
429 3725 514 3786 ἔνθαι
531 3725 648 3798 dacique.
692 3729 782 3798 Origo
806 3730 909 3782 formae
931 3745 984 3781 nou
1011 3737 1085 3782 recte
1102 3743 1152 3780 ex·

53 3831 187 3902 plicatur.

80 3983 129 4045 ω)
168 3971 292 4045 Trypb.
320 3969 391 4021 παθ.
418 3963 470 4029 nt.
498 3965 520 4034 5.
538 3967 582 4020 26.
610 3965 682 4020 inter
709 3966 837 4036 exempla
863 3963 1062 4034 parelleipseoa
1087 3963 1107 4018 i.
1125 3979 1151 4018 e.

51 4063 114 4124 im
130 4062 193 4122 salv
218 4055 475 4121 διπλασιαζομένων
493 4049 643 4122 συμφώνων
660 4048 689 4106 ἓν
704 4053 915 4120 παραλείπηται,
939 4053 1019 4106 allert
1044 4067 1081 4104 ex
1099 4050 1151 4103 Al-

52 4173 113 4210 m
130 4149 236 4210 ,ἅλιαι
264 4159 321 4216 pro
341 4136 462 4205 αᾶλλιαι,
490 4138 557 4194 itam
573 4139 635 4193 cod.
654 4139 768 4194 Amstel.
795 4155 840 4208 ap.
858 4137 1064 4208 wassenbergb
1082 4133 1151 4192 ll.l

53 4257 75 4298 tt
90 4243 128 4299 ll.
147 4239 187 4295 ad
207 4241 249 4310 β,
273 4232 337 4286 ¹²9·

1357 507 1361 604 l
