2862 4770
236 363 269 456 §2
285 363 347 442 36.
384 368 441 441 Do
465 369 730 468 conjugationis
751 369 890 445 ratione
906 377 1105 450 communi.
1149 373 1224 456 293

93 643 101 658 ,
216 568 293 638 Nou
314 571 424 636 minus
445 573 481 636 iu
503 572 722 662 scriptoribus
745 599 822 665 pnrs
838 577 964 646 Doride
987 581 1055 649 osis
1070 583 1224 676 pleraque

130 683 220 738 recte
250 697 269 738 s
297 672 441 740 liburiis
468 675 584 741 tradite
619 689 712 741 eunte
757 677 875 766 Epion.
901 679 921 746 5
950 681 1151 769 passionom,
1182 688 1223 754 25

129 773 339 858 λαμβάνοντι,
364 777 405 842 10
429 781 533 854 isim,
565 776 607 843 26
630 780 749 861 ἴσαντι,
779 804 878 870 quum
900 784 1092 874 corrigendo
1114 801 1224 854 essent

130 877 305 959 εὑρήσουσι
325 879 388 960 92,
409 884 566 944 πωλοῦσιν
589 879 671 964 120,
695 879 813 969 Soplsr.
831 883 874 948 44
895 889 1084 966 βαλλίζοντν,
1110 888 1161 956 52.
1181 889 1222 956 54

129 979 211 1059 e'rts',
235 981 289 1046 33.
305 981 348 1045 44
370 984 479 1061 φαντί,
504 980 543 1048 51
567 981 746 1067 κεχάναντι,
769 983 811 1048 75
833 985 1055 1066 intremuissem,
1079 991 1137 1056 sed
1152 1015 1222 1057 eor·
1263 1015 1265 1018 ·

127 1093 225 1171 rupta
255 1083 446 1159 νυστάζουσι
467 1082 530 1164 43,
563 1087 625 1148 sini
648 1085 729 1168 1003
772 1086 858 1174 spud
889 1089 1118 1157 Archimedem
1149 1117 1222 1160 πετο

128 1183 281 1271 vulgares
296 1185 419 1250 formae
435 1185 567 1251 [loricis
590 1186 795 1254 intermixtae
818 1200 910 1266 sont,
934 1203 971 1255 ut
990 1191 1222 1280 ἆποδεδεῐχοοιν

129 1283 173 1350 de
195 1283 319 1369 Qusdr.
343 1310 377 1376 p.
395 1287 454 1372 18,
480 1287 742 1354 ἀντιπεπόνθασιν
763 1289 803 1354 de
827 1289 967 1357 Couoid.
992 1317 1023 1383 p.
1047 1293 1121 1360 260.
1155 1295 1221 1362 De·

128 1387 231 1478 nique
259 1389 352 1455 nulls
378 1389 412 1454 iu
442 1413 478 1456 re
511 1413 623 1456 omues
648 1390 783 1456 Doridis
818 1392 947 1477 l'ontes,
992 1395 1049 1484 qui
1080 1397 1221 1488 sliqusm

128 1490 226 1556 iidem
245 1503 432 1576 merentur,
455 1493 572 1558 melius
594 1493 783 1558 concinunt.
829 1493 994 1578 Quamdiu
1011 1496 1132 1562 Dorice
1154 1499 1220 1565 dis-

127 1593 257 1678 leetus‚
291 1617 375 1687 quse
404 1593 535 1685 quidem
563 1619 602 1660 eo
630 1595 762 1660 nomine
791 1593 902 1686 aliquo
927 1597 1005 1683 jure
1026 1599 1219 1689 appelletur,

128 1695 279 1784 rigebat,
302 1697 381 1762 hoec
402 1697 588 1762 terminatio
611 1696 645 1762 in
668 1695 835 1786 vulgarem
859 1722 925 1763 nou
940 1699 1032 1766 abitt.
1067 1699 1219 1768 Ceterum

126 1821 195 1862 uon
217 1797 324 1864 minus
345 1823 441 1888 quem
465 1798 613 1888 vulgsris
638 1799 789 1866 elisiouis
818 1799 947 1888 petiens
977 1813 1065 1885 eret,
1098 1815 1135 1868 ut
1163 1829 1220 1868 νιο-

127 1899 235 1966 ts'oott'
256 1911 289 1966 et
310 1900 374 1965 ἔντ’
399 1901 516 1990 Epich.
539 1902 600 1978 23,
631 1925 737 1990 neque
758 1901 956 1968 Theocritus
979 1902 1130 1970 elisionis
1153 1905 1218 1972 eri·

126 2001 243 2067 undae
263 2002 372 2092 legem
394 2004 475 2087 (vid.
499 2003 643 2070 Meinelr.
667 2029 701 2094 p.
725 2003 787 2079 Vl)
816 2003 857 2068 ob
881 2003 963 2094 ipsis
986 2001 1120 2071 Dorieis
1141 2012 1218 2095 poti·

125 2103 171 2170 tis
193 2107 328 2194 reecpit.
373 2114 409 2170 N
429 2107 531 2186 ι’φελιι.
556 2129 720 2194 nunquam
743 2105 938 2189 assumitur,
961 2107 1005 2171 cl.
1029 2110 1061 2190 ξ.
1087 2107 1139 2190 10,
1165 2109 1216 2192 12,

124 2219 351 2297 prseterqusm
374 2209 408 2272 iu
431 2207 491 2271 issi
511 2207 596 2295 opud
618 2205 999 2296 Pseudo-Pythoporeos
1021 2208 1087 2276 vid.
1111 2209 1143 2292 ξ.
1161 2211 1214 2277 40.

210 2307 296 2374 Miro
327 2309 484 2400 qusedsm
514 2310 587 2394 ejus
620 2309 858 2375 terminationis
889 2311 1025 2376 mutatio
1054 2310 1087 2376 in
1116 2311 1216 2378 Eleu·

125 2413 351 2478 theruseorum
375 2411 582 2478 Cretensium
605 2409 734 2476 decreto
761 2411 979 2500 conspicitur3
1022 2435 1097 2477 nsm
1125 2413 1216 2476 οἱπε-

127 2514 372 2589 ordinanter
391 2515 416 2580 l.
439 2513 460 2577 4
481 2535 541 2601 pro
564 2511 776 2576 ἀπεστάλκασι
804 2523 836 2577 et
859 2511 1107 2595 διιξάγονιες
1128 2515 1150 2579 Ι.
1174 2515 1216 2580 24

125 2639 186 2706 pro
208 2616 402 2700 διεξάγουσι,
446 2639 547 2704 quum
577 2637 613 2679 se
643 2613 783 2680 invicem
806 2613 890 2678 tueri
914 2611 1105 2696 videantur,
1149 2637 1215 2680 nou

125 2717 232 2783 sudeo
253 2741 325 2784 cum
349 2717 515 2783 Boeclsitio
543 2715 577 2780 in
608 2713 800 2780 nins’matxcv
829 2727 861 2780 et
883 2714 1049 2798 διεξάγοντι
1079 2728 1214 2782 mutere.

124 2819 243 2911 Neque
265 2821 299 2886 in
323 2819 452 2886 Cretico
482 2818 555 2904 ejus
584 2817 696 2882 setstis
729 2817 866 2883 disiecto
890 2819 1010 2882 l'ormss
1033 2815 1216 2904 singnlsres

123 2934 158 2990 et
180 2921 416 2988 semibarbaros
438 2921 537 2986 nimis
561 2919 593 2985 in
617 2919 838 3009 suspieionem
854 2943 970 2985 vocure
985 2919 1150 2986 debemus.
1174 2959 1214 2970 -

124 3025 335 3114 Hesychisns
357 3025 467 3112 glossa
490 3023 588 3107 ἔχονι,
612 3021 734 3106 ἔχουσι·
761 3025 881 3102 Κρῆτες
903 3023 957 3087 vix
980 3045 1057 3087 suns
1073 3033 1136 3104 est,
1160 3045 1214 3087 ne·

124 3151 191 3218 que
212 3138 319 3192 temen
342 3124 500 3192 credibile
522 3125 671 3207 videtur,
696 3122 896 3189 notissimum
920 3124 1053 3190 formem
1077 3124 1173 3209 ἔχοντι
1196 3147 1215 3190 e

126 3229 256 3296 Cretico
279 3229 416 3295 disiecto
438 3239 597 3293 enotstnm
626 3249 719 3308 esse,
752 3250 851 3316 quere
880 3227 991 3292 neseio
1023 3249 1063 3290 su
1093 3225 1214 3316 corrigi

123 3332 231 3422 possit
253 3331 374 3416 ἔχονπι,
407 3329 530 3414 ἔχουσι,
568 3339 605 3394 ut
626 3327 669 3394 sit
691 3327 819 3393 dativus
841 3327 1000 3418 pluralis,
1034 3327 1078 3392 el.
1102 3327 1135 3409 ἓ.
1160 3329 1211 3392 14.

124 3475 168 3486 -
210 3433 262 3498 De
284 3431 377 3498 tertis
398 3455 537 3521 persons
559 3431 678 3520 plursli
699 3430 835 3518 perlecti
865 3429 1057 3494 ἀπεόιαλκαν
1080 3427 1115 3492 in
1136 3427 1213 3496 titu-

122 3537 170 3604 lis
192 3536 332 3602 Creticis
356 3560 405 3600 nr.
429 3533 524 3600 3048.
549 3533 645 3599 3⁰52:
667 3531 751 3600 3058
772 3533 857 3597 iol'rs
881 3531 1040 3596 dicemus.

210 3639 244 3717 3)
288 3636 569 3724 Conjunetivi
609 3633 817 3720 objectici
861 3633 984 3698 tertis
1029 3654 1211 3719 persono

123 3739 365 3828 singularis
395 3737 473 3803 mirs
503 3738 623 3803 lormse
652 3735 863 3824 ambiguitote
893 3733 1035 3824 insignis
1057 3743 1115 3799 est.
1172 3735 1210 3800 ln

121 3843 230 3910 titulis
252 3843 339 3908 enim
363 3839 606 3906 terminetiones
629 3868 659 3928 p,
684 3867 715 3917 η,
739 3863 766 3902 ει
787 3837 996 3928 reperiuntur
1010 3859 1210 3924 esequenou

121 3945 304 4012 consonet·
321 3944 458 4033 quedem
474 3943 615 4022 electse‚
640 3941 698 4006 sed
720 3964 816 4028 ssepe
838 3952 957 4006 temere
978 3949 1010 4004 et
1033 3939 1122 4003 nullu
1138 3939 1212 4024 lege

122 4049 253 4114 mixtae.
307 4047 344 4111 lu
376 4045 542 4133 pictisque
570 4043 701 4132 quidem
723 4043 830 4107 titulis
852 4042 937 4126 iota,
968 4065 1151 4131 quenquam
1176 4041 1210 4103 in

120 4149 341 4216 declinatione
363 4158 395 4212 et
416 4145 553 4234 reliquis
575 4157 723 4210 accurate
745 4157 912 4228 seruntur,
934 4167 1000 4208 nou
1013 4142 1209 4229 adscriptum

120 4263 192 4321 ests
217 4251 388 4318 Hermion.
414 4247 511 4334 1193,
536 4247 673 4337 Tegest.
698 4247 743 4312 ll.
760 4245 801 4313 L.
826 4257 858 4311 et
879 4244 998 4333 Agrip.
1023 4239 1062 4327 ἦ,
1086 4243 1209 4332 Delph-
