2866 4766
408 379 441 470 6.
461 380 520 456 «13.
563 382 620 454 Dc
645 383 980 478 praepositionibus.
1164 387 1240 467 357

144 595 283 674 apparet
304 584 341 650 in
362 583 491 673 vulgari
516 583 677 670 ἆμφορεὺς
697 609 759 674 pro
781 585 978 675 ἀμφιφορεύς
1007 603 1042 655 ct
1062 590 1096 658 in
1119 593 1241 662 Latino

143 687 344 777 anquiro,
377 709 531 775 anceps
559 697 592 752 et
622 686 808 769 similibus,
841 713 923 778 qnae
945 695 1130 759 cumamb
1152 719 1239 764 eom·

142 789 252 877 posita
276 801 364 856 sunt.
408 788 459 853 Eo
481 790 646 876 pertinent
667 789 797 878 glossae
819 790 1063 880 Hesychianaee
1089 795 1239 877 dunne-

143 892 228 968 δες,
252 895 282 954 οἱ
303 893 366 954 τοῖν
387 893 507 955 παίδων
527 890 757 971 ἐπιμελούμενοι
778 890 865 974 παρὰ
878 891 1053 980 Λάκωσιν,
1075 900 1165 988 quod
1178 925 1239 990 pro

142 990 335 1074 ἀμφλπαιδες
356 992 478 1058 dictum
501 992 708 1070 existimant,
740 991 934 1074 cipue'ouo,
967 995 1135 1082 ἀμφιεόοιι·
1165 1003 1239 1068 Λά-

140 1101 260 1178 ιιοινεζ,
283 1095 372 1184 quod
393 1117 452 1184 pro
476 1092 633 1176 dpFe'ooc,
665 1094 845 1178 ‹ipere'ouc
866 1119 939 1162 csse
962 1123 1058 1189 supra
1080 1103 1236 1194 suspicati

142 1219 258 1262 sumus
280 1195 311 1280 ἓ.
332 1198 365 1278 6,
381 1197 422 1280 7,
446 1195 775 1280 (impudefactus,
800 1201 1077 1283 περιαλελψαοθαι.
1122 1205 1236 1294 ltaque

143 1297 227 1380 ἄμφλ
246 1320 390 1388 apocope
419 1298 497 1382 illa,
531 1321 674 1364 consona
703 1325 726 1381 φ
755 1299 878 1384 ejecta,
919 1301 952 1366 in
983 1306 1237 1394 praepositionis

9 1477 11 1484 Ι
142 1399 206 1465 nivel
227 1401 305 1466 item
326 1423 493 1490 apocopen
514 1425 631 1491 passae
652 1400 900 1467 similitudinem
918 1403 1088 1490 redigitur.
1126 1407 1236 1491 Quare

142 1501 292 1592 suspicio
313 1503 436 1588 oritur,
469 1525 548 1567 num
571 1505 655 1568 l'orte
676 1503 712 1568 in
734 1504 772 1566 dr
792 1502 845 1570 τόν
866 1503 972 1570 ὀδελόν
999 1504 1237 1591 ἆμπεπαρμένον

141 1605 289 1672 Acharn-
314 1605 378 1672 762
407 1606 445 1670 ἄν
473 1629 540 1671 non
570 1605 612 1670 sit
639 1604 798 1695 produci,
831 1606 927 1693 eujus
948 1607 1008 1674 ille
1029 1632 1110 1676 usus
1132 1635 1237 1680 novus

140 1719 253 1790 essct,
286 1707 345 1774 scd
366 1731 428 1797 pro
451 1706 548 1789 ἀμφί,
579 1706 667 1796 quod
689 1707 725 1770 in
747 1730 818 1772 cam
840 1709 1033 1776 senteutiam
1055 1735 1095 1778 ex
1115 1711 1236 1780 {lorne-

138 1809 210 1876 riea
231 1809 398 1876 locutione
422 1808 503 1892 ἀμφ’
527 1807 682 1892 ὀβελοῖσιν
703 1805 829 1894 ἔπειραν
850 1811 1057 1878 notissimum
1078 1825 1141 1882 est.
1184 1815 1236 1883 Ne
1325 1883 1328 1892 ,

141 1912 379 1998 ἅμπιπορμένος
398 1911 477 1978 item
501 1909 777 2002 praepositionem
800 1909 881 1994 ἀμφὶ
900 1913 1068 1982 continere
1090 1917 1235 2008 suspioc-

139 2039 235 2099 mm,
257 2013 409 2104 prohibet
428 2014 575 2079 Acheru.
598 2013 662 2080 975
685 2012 725 2078 ἵν’
748 2012 903 2098 ἀναπείρω
923 2013 979 2090 τὰς
1001 2019 1117 2103 siglae.

226 2119 265 2184 ln
287 2117 520 2184 Alaesinorum
547 2115 696 2182 terminis
727 2115 858 2206 saepius
887 2116 925 2180 ολν
952 2121 1008 2184 τοῦ
1028 2123 1158 2200 ῥοΐσκον
1184 2145 1234 2186 re·

138 2221 265 2312 petitur
285 2245 345 2311 pro
368 2220 428 2286 ᾰπό
450 2224 507 2286 τοῦ
528 2225 579 2302 ιλ,
615 2217 644 2284 si
666 2241 797 2284 sensum
820 2230 959 2307 spectas.
1009 2219 1134 2288 Novam
1164 2243 1234 2288 eam

138 2347 309 2414 apocopen
331 2349 370 2390 oo
392 2323 497 2411 magis
521 2331 706 2410 suspectam
734 2320 910 2398 habemus,
943 2321 1033 2411 quod
1063 2322 1235 2414 inscriptio

139 2427 240 2492 solito
262 2449 425 2515 apocopae
448 2447 569 2514 genere
596 2423 757 2507 abstinet3
789 2421 899 2512 itaque
929 2423 1129 2491 accuratiora
1157 2451 1234 2516 apo·

139 2528 483 2619 graphaexpectanda
505 2537 593 2592 sunt.

226 2631 261 2716 3)
299 2632 413 2714 ,Περί
432 2629 625 2720 plerumque
647 2628 681 2692 iu
704 2627 830 2696 Doride
852 2639 890 2693 nt
909 2631 1009 2718 vulgo
1028 2652 1136 2721 neque
1158 2655 1233 2720 apo·

142 2755 243 2823 copae
272 2757 381 2822 neque
407 2731 558 2798 elisionis
586 2730 714 2819 patiens
738 2742 800 2796 est.
852 2731 893 2796 ln
914 2755 981 2798 nno
1003 2731 1133 2798 decreto
1154 2734 1233 2798 Am·

140 2833 353 2926 plrictyonico
375 2859 427 2898 nr.
452 2834 536 2902 1688
563 2833 588 2899 Ι.
614 2833 654 2899 16
681 2832 831 2899 elisionis
857 2834 1042 2924 exemplum
1072 2835 1234 2923 reperitur

138 2939 284 3022 πέροοος.
331 2935 454 3004 Eadem
483 2935 575 3004 vocis
604 2938 707 3002 l'orma
736 2935 823 3024 apud
843 2935 1021 3002 Pindarum
1043 2935 1165 3026 legitur
1187 2937 1230 3004 N.

137 3039 212 3124 xl,
233 3040 277 3106 lo
291 3039 345 3126 ³),
368 3041 427 3130 qni
448 3049 614 3130 practerea
635 3037 799 3120 περάπτων
821 3037 862 3104 Ρ.
885 3038 956 3115 111,
980 3040 1041 3122 42,
1071 3040 1233 3124 περιδαῖος

138 3141 182 3208 lt.
208 3143 293 3224 126,
327 3141 400 3226 περ’
424 3140 554 3208 ἀτλάτου
573 3140 682 3215 πάθοις
703 3139 759 3204 01.
782 3139 853 3223 Vl,
877 3141 938 3224 38,
977 3139 1051 3224 περ’
1074 3141 1170 3216 αὑτᾶς
1190 3140 1230 3203 Ρ.

6 3283 8 3294 1
138 3242 203 3326 IV,
226 3241 289 3309 265
318 3244 385 3308 vid.
409 3243 553 3310 Bocclala.
576 3242 664 3310 Nott.
688 3241 784 3308 Critt.
814 3266 849 3331 p.
872 3242 935 3308 376
960 3252 993 3306 ct
1021 3241 1061 3306 ad
1091 3244 1132 3306 l'r.
1157 3241 1231 3306 136.

139 3345 224 3410 Item
245 3345 281 3410 in
301 3345 443 3412 Hesiodi
464 3344 659 3436 Theogonia
679 3344 755 3411 678.
777 3343 841 3410 733
868 3354 945 3409 suut
971 3345 1097 3428 περίαχε
1125 3354 1157 3407 ct
1178 3367 1233 3405 πε-

139 3447 300 3531 ροίχεται,
324 3458 357 3513 et
377 3447 541 3536 pertinent
562 3447 675 3514 eodem
692 3445 851 3534 Hesychii
868 3447 999 3534 glossae
1021 3442 1148 3526 περόο
1154 3469 1229 3528 χιιι,

137 3545 276 3632 telonium
298 3548 446 3633 cl.lntl.,
470 3548 691 3632 πεοώσιον,
714 3549 811 3632 μέγα,
832 3543 1085 3632 περομνὺναι
1105 3545 1231 3625 (itacu-

140 3649 232 3728 dex),
257 3649 395 3736 ἐλέγχειν.
440 3651 475 3716 ls
497 3650 649 3716 elisionis
670 3673 752 3715 usus
774 3673 815 3715 ex
830 3647 968 3713 Aeolica
981 3645 1120 3712 dialecto
1140 3669 1231 3735 repe·

137 3751 221 3818 titur
240 3751 308 3818 vid.
332 3753 407 3818 L.1
433 3747 465 3840 ᾖ.
479 3753 542 3836 28,
565 3754 596 3819 3.
642 3752 803 3842 Exempla
823 3761 930 3816 tamen
954 3748 1126 3830 Lesbiaco,
1148 3771 1231 3837 quae

138 3851 275 3944 quidem
298 3865 494 3944 supersunt,
529 3877 568 3920 eo
598 3855 770 3933 dill'crunt,
804 3851 892 3944 quod
920 3860 994 3944 post
1020 3849 1230 3932 elisioncmp

139 3955 327 4048 geminatur
355 3968 393 4022 ut
412 3956 446 4022 in
469 3955 634 4048 Sapphico
655 3959 819 4042 ns'p'dogoc.
875 3953 989 4044 ltaque
1010 3952 1177 4020 Hesiodus
1199 3963 1231 4014 et

139 4057 306 4124 Pindarus
336 4070 373 4124 ut
401 4059 465 4126 alia
497 4059 656 4126 nonnulla
677 4059 721 4125 ita
743 4061 826 4124 hanc
848 4057 978 4125 dialecti
998 4055 1229 4148 proprietatem

138 4199 398 4214 q--uu——n-a-—n

174 4285 204 4344 n
241 4279 347 4335 nones
365 4278 469 4335 ιιοιιπ
487 4277 522 4332 n
539 4277 688 4332 sustuna
706 4255 835 4330 monto⁴
856 4272 939 4328 rino.
959 4289 985 4341 p.
1001 4271 1034 4325 n
1050 4265 1229 4326 ειιπιιοιι.
