2814 4760
237 374 314 450 soe
399 330 407 344 ’
500 367 533 468 o.
554 367 616 446 ss.
665 367 724 442 ns
748 363 900 440 mitiore
925 359 1075 442 nosse.

238 577 445 644 Achaeorum
466 570 602 663 lingua,
635 593 704 638 uon
730 567 918 638 dubitamus
945 581 1055 638 tamen
1078 569 1160 664 quin
1188 569 1354 662 vulgaria

237 675 340 746 Doris
364 675 548 742 eommunis
570 671 706 741 concilii
727 671 867 739 Acbaici
887 673 1005 765 lingua
1026 673 1128 740 luerit
1146 685 1181 741 et
1199 674 1290 741 bine
1314 675 1351 741 ia

237 777 414 848 Arcadiam
446 785 479 845 et
508 775 707 844 Laconicam
737 785 916 866 propagata
947 775 1002 843 sit.
1063 773 1348 867 Megalopolitani

238 883 327 950 enirn
349 889 473 948 mature
494 878 638 946 Aebaeis
659 877 763 944 additi
785 887 887 963 suut,
910 877 1076 966 Tegeatae
1095 889 1172 968 post
1192 901 1347 971 pugna·

239 982 472 1053 Sellasicuseua
492 1005 522 1047 a.
545 979 629 1067 222,
651 979 969 1048 Eleutherolaeoues
990 1005 1019 1046 a.
1044 981 1125 1066 194,
1149 979 1218 1071 ipsi
1241 981 1345 1072 Spar·

238 1087 308 1155 tani
330 1085 365 1152 iu
387 1084 486 1152 breve
504 1093 647 1175 tempus.
698 1081 773 1148 dans
802 1081 965 1172 intelligis
987 1083 1122 1150 eandem
1145 1084 1344 1174 explicatio·

237 1213 314 1256 uem
334 1188 375 1254 ad
388 1185 648 1264 Messeniorum,
672 1185 732 1277 qni
753 1205 821 1251 uon
842 1185 952 1252 minus
973 1209 1034 1276 per
1053 1183 1188 1276 aliquod
1205 1199 1343 1278 tempus

237 1289 379 1362 Achaici
400 1287 543 1357 foederis
565 1298 679 1370 erant,
707 1287 942 1378 inscriptiones
964 1285 1113 1356 adbiberi
1135 1311 1248 1380 posse.
1298 1290 1343 1357 Et

239 1405 336 1464 erunt
356 1396 516 1478 tortasse,
539 1391 598 1482 qui
620 1389 965 1458 dcllermiouensium
990 1388 1131 1458 dialecto
1153 1413 1220 1458 uon
1243 1391 1342 1460 aliter

234 1496 450 1588 judicandum
472 1516 547 1561 esse
568 1503 742 1576 censeant,
776 1515 964 1586 quanquam
985 1492 1045 1559 bos
1067 1505 1162 1561 autea
1183 1493 1247 1560 alia
1269 1495 1341 1562 dia·

238 1601 325 1669 lecto
348 1623 427 1666 usos
449 1619 610 1665 essenon
634 1603 773 1663 constat.
829 1593 963 1662 Deinde
984 1594 1176 1663 dubitamus
1201 1619 1242 1662 au
1264 1597 1340 1666 val·

240 1703 329 1792 garis
347 1699 486 1769 Doridis
506 1697 663 1791 publicos
686 1697 746 1766 ille
766 1719 847 1763 usus
870 1697 966 1763 etiarn
987 1697 1029 1763 ad
1049 1697 1229 1788 antiquiora
1250 1709 1340 1766 tern-

147 1791 152 1798 ’
238 1827 319 1896 pora
340 1803 457 1870 referri
477 1801 595 1894 possit.
642 1801 717 1888 Qua
738 1798 903 1866 communi
924 1799 1065 1866 dialecto
1085 1802 1257 1868 concilium
1267 1801 1339 1878 ¹l’e-

239 1905 529 1997 loponnesiacum,
551 1905 606 1970 eui
623 1901 774 1995 Spartani
795 1899 1045 1993 praesidebant,
1068 1923 1165 1970 usum
1186 1925 1258 1970 esse
1273 1927 1339 1994 pn·

239 2009 372 2076 temusl
400 2020 510 2074 utrum
533 2006 719 2092 Laconica,
743 2029 784 2072 au
806 2027 844 2070 ea
866 2027 951 2095 quae
972 2005 1143 2096 plerisque
1164 2007 1343 2074 familiaris

240 2121 327 2195 erat,
358 2106 487 2198 vulgari
509 2106 659 2175 Doride'l
713 2107 810 2173 Hanc
839 2107 880 2171 ab
902 2106 1040 2196 Argivis
1067 2108 1246 2198 peculiaris
1268 2109 1338 2176 dia·

239 2211 318 2280 lecti
339 2209 414 2276 loco
442 2219 633 2298 usurpatum
667 2231 741 2276 esse
770 2208 807 2274 in
836 2207 970 2278 loedere
998 2211 1085 2300 apud
1106 2210 1337 2300 Thucydiden

239 2311 293 2398 V,
320 2311 388 2396 79,
425 2333 611 2402 quanquam
643 2307 762 2399 Argivi
794 2310 1070 2404 Peloponnesiaci
1101 2313 1238 2382 concilii
1271 2337 1336 2382 naa

239 2413 416 2506 participes
445 2425 556 2494 crant,
589 2413 677 2480 baud
698 2411 810 2506 inepte
831 2414 995 2504 suspicari
1016 2415 1113 2500 licet,
1146 2429 1184 2482 ut
1204 2416 1336 2508 'l'bnq-

241 2517 336 2586 didos
358 2541 376 2584 a
396 2515 620 2608 negligentiae
641 2513 800 2602 crimine,
828 2517 916 2607 quod
938 2529 1073 2608 propter
1091 2517 1241 2608 Argivae
1262 2543 1337 2610 pro·

239 2619 389 2712 prietatis
416 2619 595 2688 absentiam
626 2641 724 2708 supra
754 2612 786 2706 ᾗ.
813 2620 873 2704 14,
904 2621 921 2686 1
951 2621 986 2686 iu
1014 2643 1088 2688 eum
1117 2621 1335 2708 conjeci-ns,

240 2723 444 2808 vindicetur,
468 2723 512 2788 cl.
536 2722 568 2807 ξ.
591 2722 634 2806 2,
658 2723 717 2804 14,
745 2721 805 2788 ubi
828 2743 894 2788 uon
918 2721 997 2790 satis
1018 2733 1169 2789 accurate
1189 2723 1338 2793 foederis

240 2825 418 2892 dialectum
439 2825 597 2916 Argiuam
622 2823 778 2890 diximus.

325 2925 485 2993 Sicilia
517 2926 654 2993 colonos
685 2925 867 2993 Dorienses
900 2949 919 2991 a
952 2921 1138 3010 Corintlro,
1176 2925 1336 3018 Megaris,

239 3025 358 3094 ilbodo
377 3027 521 3118 accepit3
553 3027 747 3112 Cretenses,
781 3026 935 3118 quicum
958 3027 1099 3096 llbodiis
1122 3029 1239 3098 Gelam
1260 3055 1337 3098 eoa·

241 3127 413 3214 diderunt‚
436 3127 608 3220 pauciores
623 3130 728 3197 luisse
742 3129 915 3214 videntur,
938 3153 1036 3220 quarn
1056 3131 1114 3222 qni
1136 3135 1172 3198 in
1185 3134 1336 3202 coloniae

240 3231 381 3300 dialecto
409 3229 637 3299 constituenda
665 3233 813 3300 valerent
840 3233 883 3300 cl.
915 3231 1014 3300 Mun.
1038 3231 1121 3300 Dor.
1152 3233 1170 3302 l
1199 3259 1235 3326 p.
1261 3237 1333 3314 111,

239 3359 301 3402 nee
332 3334 436 3426 magis
468 3332 629 3400 Messenii
658 3333 806 3402 Zanclen
838 3333 1089 3424 commigrantes
1128 3336 1164 3402 in
1198 3361 1333 3404 censu

239 3437 388 3504 veniunt.
455 3434 552 3504 Geloi
592 3459 769 3526 eorumque
809 3435 920 3505 coloni
953 3437 1167 3528 Agrigentini
1197 3440 1333 3530 patria·

239 3539 446 3607 Rhodiorum
468 3539 642 3608 dialectum
667 3549 857 3624 servarunt,
893 3538 934 3606 de
965 3562 1029 3629 qua
1057 3541 1143 3608 iufra
1174 3541 1331 3610 dicemus.

239 3641 273 3706 A
296 3639 479 3710 Corinthiis
501 3653 534 3710 et
553 3641 802 3730 Megarensibus
832 3639 980 3730 rudgerio
1000 3641 1103 3710 Doris
1125 3641 1161 3708 iu
1184 3641 1332 3712 sieilia·

240 3743 336 3810 allata
364 3755 435 3823 est,
470 3767 555 3834 quae
583 3745 680 3812 etiam
708 3743 749 3810 ad
776 3743 917 3834 populos
948 3743 1079 3836 origine
1102 3767 1170 3811 nou
1191 3742 1334 3814 Doricos

239 3855 295 3912 aut
316 3845 396 3914 adeo
418 3869 484 3914 nun
503 3845 646 3914 Graecos
668 3845 911 3913 transmanavit.
945 3845 1037 3912 llaec
1054 3844 1333 3935 Syracusanoru-

239 3959 272 4014 et
292 3947 523 4038 plerorumque
538 3947 746 4034 Siculorum,
768 3959 933 4038 praeterea
953 3947 1138 4016 Issensium
1156 3971 1176 4014 a
1196 3949 1333 4040 Syracu·

240 4047 330 4116 sanis
353 4048 567 4117 oriundornnr
588 4051 746 4119 dialectos
774 4051 883 4118 miuus
914 4073 956 4119 ex
982 4048 1261 4142 inscriptionibus
1282 4076 1334 4120 es·

240 4151 411 4242 gnoscitur
439 4175 536 4244 qnam
566 4175 584 4219 e
610 4151 824 4243 scriptoribus
846 4151 1063 4244 Syracusanis
1092 4163 1125 4219 et
1147 4154 1334 4245 pammati-

240 4275 351 4321 oornm
381 4253 590 4322 testimoniis.
646 4255 816 4324 Nonnulla
843 4255 1023 4346 peculiaria
1052 4267 1110 4322 aut
1137 4279 1155 4323 a
1186 4257 1331 4346 vulgaria
