2814 4760
206 357 284 438 ³98
461 353 493 448 §.
518 353 578 431 4⁷.
631 355 689 428 De
713 352 886 430 universo
910 351 1062 428 Doride.

208 567 276 635 siut
303 561 428 645 alicua,
463 559 554 640 ἴσαμι
576 579 637 648 pro
659 553 730 623 οἶδα
751 577 861 621 errore
882 555 1023 645 quodam
1046 555 1144 622 uuira
1166 556 1310 626 Doridis

206 671 319 736 fletum
341 675 403 732 est.
432 698 475 712 -
518 658 806 750 Praepositionuur
828 681 991 749 apocopae
1014 659 1183 750 antiquior
1202 659 1310 728 Doris

207 795 275 837 uon
301 767 411 834 miuus
437 763 585 832 assuevit
612 785 710 854 quam
741 785 856 828 omnes
875 761 1013 828 Aeoles.
1056 761 1162 828 Multa
1184 761 1309 830 Doridi

206 870 385 965 peculiaria
407 867 542 936 suntin
563 863 793 932 adverbiorum
814 863 1022 930 formatione.
1078 863 1173 948 Quae
1203 889 1310 956 quum

206 975 378 1043 maximam
399 983 525 1062 partem
553 967 596 1035 ad
628 965 794 1034 literarum
815 967 1014 1034 mutationes
1034 967 1153 1034 referri
1175 968 1311 1058 possint

205 1085 257 1160 (ut
277 1079 331 1142 uei
347 1075 403 1142 rel
423 1077 470 1152 πῆ
489 1095 550 1164 pro
570 1075 634 1138 πού
654 1107 696 1120 -
725 1071 771 1150 nd
792 1091 854 1158 pro
875 1071 921 1157 πῇ
941 1105 985 1118 -
1012 1072 1085 1146 τοῖς
1106 1093 1166 1160 pro
1185 1072 1245 1136 nei
1264 1103 1308 1122 ...

203 1179 289 1248 πύκα
309 1203 370 1271 pro
390 1176 498 1260 πότε),
521 1195 709 1267 quanquam
730 1184 762 1237 et
783 1172 819 1238 in
842 1169 1093 1240 lisbonenses
1114 1173 1308 1264 antiquissi-

204 1307 291 1352 mam
314 1283 452 1348 soranam
474 1289 530 1345 ant
549 1275 699 1344 tenuisse
720 1283 776 1340 aut
797 1275 908 1340 minua
928 1273 1120 1342 immutasse
1138 1276 1306 1360 videntur,

205 1385 360 1454 adverbia
381 1397 491 1450 tamen
520 1380 556 1446 in
585 1381 612 1442 ὤ
640 1378 752 1444 locum
780 1376 887 1442 uude
915 1375 1116 1462 indicantia,
1152 1401 1236 1468 quae
1267 1403 1308 1446 ex

205 1480 527 1578 antiquis'ablativir
549 1493 619 1549 orta
641 1491 736 1564 sunt,
771 1479 807 1545 iu
835 1479 906 1546 sola
934 1478 1062 1546 Doride
1089 1493 1226 1547 aetatem
1254 1493 1307 1548 tu·

204 1595 326 1662 lerunt.

290 1725 385 1792 Haec
402 1719 611 1814 potissimum
629 1731 725 1805 sunt,
757 1719 878 1812 quibus
900 1717 1053 1786 universa
1065 1719 1168 1787 Doris
1189 1721 1302 1788 distin·

207 1831 332 1922 guitur.
388 1824 519 1908 Quibus
547 1823 743 1912 comparatis
766 1821 952 1912 intelliges,
989 1847 1086 1914 qnam
1110 1823 1240 1892 difficile
1262 1823 1304 1892 ait

205 1957 276 2000 eam
298 1929 498 2022 peculiarem
520 1923 661 1991 Doridis
683 1925 848 2008 indolem,
879 1947 961 2012 quae
983 1923 1019 1990 iu
1042 1926 1203 1994 orationis
1225 1953 1308 1996 sono

204 2045 373 2117 versatur,
407 2051 517 2112 nnnc,
551 2051 651 2116 quum
674 2027 845 2092 vivemus
868 2025 1028 2094 Doricum
1052 2027 1151 2114 silet,
1186 2031 1307 2098 descri-

204 2138 296 2204 lrere.
350 2131 457 2199 Multo
490 2129 579 2196 enim
612 2130 740 2193 minore
772 2138 805 2192 et
836 2127 997 2195 vocalium
1025 2140 1058 2195 et
1086 2155 1307 2200 consonarum

206 2233 397 2306 discrimine
420 2231 575 2297 universa
590 2229 692 2296 Doris
715 2227 933 2318 distinguitur
954 2255 1051 2322 quern
1072 2233 1126 2300 vel
1143 2235 1308 2304 Lesbiaea

206 2338 366 2409 dialectos
394 2333 449 2403 vel
480 2331 649 2412 Boeotieu.
704 2330 846 2422 Antiqui
868 2334 1077 2418 πλατειασμόν
1096 2337 1308 2427 potissimum

205 2441 350 2514 Doricae
371 2435 651 2531 pronuntiationis
673 2445 829 2500 notarunt
844 2437 890 2520 ¹),
922 2436 958 2501 in
985 2437 1152 2529 frequenti
1181 2441 1307 2508 vocalis

207 2575 228 2615 α
248 2571 312 2613 usu
333 2541 498 2636 positum,
521 2539 646 2631 quippe
667 2536 756 2628 qnod
777 2537 890 2628 patulo
912 2562 968 2605 ore
982 2539 1186 2630 proferatur,
1210 2555 1308 2636 atque

206 2676 247 2720 eu
270 2671 368 2739 grave
390 2643 472 2736 quid
494 2655 527 2709 ct
548 2637 786 2731 grandisonum
809 2639 892 2708 effici
914 2665 982 2707 non
1003 2652 1125 2710 temere
1141 2643 1307 2714 existima·

206 2767 296 2823 runt.
339 2749 387 2816 At
417 2773 437 2811 α
464 2743 550 2812 illud
576 2743 838 2835 frequentatum,
872 2753 905 2810 et
925 2743 1022 2810 breve
1043 2756 1076 2810 et
1096 2745 1306 2836 productum,

206 2853 327 2924 Doridi
348 2873 416 2915 uon
439 2860 490 2914 est
510 2847 698 2937 peculiare,
720 2844 780 2914 sed
801 2847 857 2912 vix
879 2846 983 2913 rarius
1005 2847 1040 2912 in
1064 2847 1222 2917 Boeotieu
1241 2850 1308 2918 dia·

207 2959 294 3026 lecto
314 2961 448 3044 apparet
469 2961 502 3016 et
529 2947 719 3038 ubicunqne
747 2949 878 3039 priscus
907 2973 988 3016 nens
1016 2949 1210 3041 religiosius
1238 2976 1308 3019 ser-

208 3153 479 3170 .—-—--⁸

243 3291 271 3354 1)
300 3283 427 3343 Theocr.
445 3285 516 3352 XV,
534 3285 569 3342 88
592 3285 629 3339 de
646 3283 816 3342 mulieribus
834 3287 965 3342 Derieis:
991 3283 1113 3360 τρυγόνα
1136 3285 1309 3344 hamum

207 3373 423 3432 arlatesciudoeour
439 3369 562 3436 ἅπαντα,
591 3373 641 3428 ubi
666 3375 790 3430 scholia:
817 3373 899 3446 ἤγουν
921 3371 1086 3447 Λαρῖζαυααι
1108 3371 1200 3428 πάντα
1222 3407 1256 3418 -
1282 3376 1308 3434 ai

207 3463 260 3537 γὰρ
277 3463 385 3538 Δωριεῖς
401 3464 615 3525 claromontius
631 3459 663 3516 τὸ
680 3463 699 3515 ἆ
717 3459 908 3522 πλεονάζοντας.
942 3459 1070 3517 Eundem
1087 3461 1179 3516 locum
1191 3463 1308 3536 respicit

209 3551 402 3620 Hermogenes
419 3549 455 3603 de
472 3547 516 3604 ld.
542 3565 570 3620 p.
590 3549 650 3605 289.
677 3545 762 3626 ὁγὰρ
782 3549 919 3625 Θεόκριτος
938 3547 1091 3618 ύχθύμιτύτ
1106 3569 1166 3603 τινα
1183 3553 1308 3623 errantque

209 3635 384 3710 Δαριζαύααιτ
399 3639 501 3705 renuti
521 3636 566 3692 tat
589 3633 622 3691 τύ
642 3635 783 3690 celerrima
799 3637 848 3708 τὴν
864 3637 950 3709 φωνὴν
965 3641 1002 3707 τῷ
1020 3641 1040 3689 ιῑ
1056 3635 1093 3690 rui
1109 3640 1221 3692 πλεῖστα
1235 3659 1307 3710 χρα-

209 3727 298 3788 ume
322 3725 359 3781 ct.
379 3723 490 3780 Scholl.
518 3753 552 3766 -
585 3723 714 3780 Demetr.
739 3723 775 3779 de
799 3725 901 3782 elucet.
928 3727 950 3793 5.
969 3727 1029 3782 177.
1059 3723 1091 3778 τὸ
1107 3726 1135 3778 dl
1152 3723 1267 3800 imple
1282 3726 1310 3778 tr

209 3812 294 3886 apsel·
321 3809 483 3884 τραχύτητι,
508 3809 597 3882 μήκει,
622 3811 786 3882 πλατύτητα,
814 3807 869 3868 nior
891 3809 1021 3885 βραττύ
1046 3809 1106 3864 dni
1129 3816 1178 3866 τοῦ
1199 3813 1308 3886 βροντή.

211 3901 255 3956 rai
271 3895 323 3971 γὰρ
338 3897 494 3970 τραχύτητα
510 3899 537 3951 du
554 3903 600 3968 τῆς
618 3902 748 3974 aperique
766 3901 897 3972 συλλαβῆς
918 3903 971 3968 ἔχει
994 3899 1039 3952 aul
1063 3898 1091 3952 ia
1115 3903 1164 3968 τῆς
1186 3902 1308 3976 dtwdpue

211 3991 291 4059 μῆκος
310 3983 357 4050 μὲν
381 3981 426 4038 διὰ
451 3981 500 4054 rip
522 3983 642 4060 μακράν,
669 3984 826 4057 πλατύτητα
848 3989 875 4041 di
899 3985 943 4042 dari
960 3985 1007 4040 τύτ
1022 3984 1167 4058 Δαριαμύτ.
1205 3990 1310 4042 arnt·

212 4075 322 4130 λαλοῦσι
337 4070 390 4144 γὰρ
407 4070 498 4126 edm
514 4071 540 4126 oi
556 4073 670 4146 Δωριεῖς.
701 4103 731 4115 -
776 4075 849 4131 Anu.
866 4073 961 4129 Bekk.
989 4061 1017 4147 p'.
1033 4073 1095 4130 662.
1121 4075 1194 4128 deaei
1208 4073 1261 4150 γὰρ
1277 4071 1310 4128 ed

213 4161 316 4236 Δύριατ
330 4159 534 4234 mortemon
549 4179 577 4214 τε
596 4152 661 4215 aim
676 4167 732 4222 τοῖς
747 4162 815 4229 aiere
837 4161 881 4217 aui
895 4161 1090 4235 μεταλαπρεκύς
1108 4165 1163 4222 ταῖς
1182 4161 1309 4230 φθόγγοις

215 4253 267 4306 riv
283 4246 416 4318 α’ταμύτατ
431 4257 475 4306 ται·
490 4253 528 4322 τᾷ
543 4251 590 4322 τῆς
606 4253 690 4324 ταιῆς
706 4248 781 4322 edre.
