2872 4780
221 328 295 406 154
366 365 371 376 ·
622 329 679 402 De
709 324 909 404 vocalibus.

161 575 167 586 ·
220 557 280 625 pro
302 532 516 625 diphthongis
538 557 565 596 es
586 544 619 598 ct
642 557 697 608 oo,
732 555 814 620 qnae
843 541 921 598 sunt
947 529 982 596 io
1004 529 1142 596 Atthide
1174 543 1208 598 et
1227 531 1326 616 lude,

221 661 318 726 saepe
339 663 358 713 η
375 645 408 702 et
425 661 450 698 ω
472 636 639 726 prolerre,
661 645 787 725 partem
808 635 937 702 casdem
959 631 1083 722 nhiqnc
1103 633 1174 700 iere
1194 645 1354 721 tenum·

222 739 312 830 lllnd
335 761 465 827 genna,
488 761 556 826 quo
584 746 720 806 utuntur
739 737 910 821 Lacones,
933 735 1104 812 ltaliotse,
1128 733 1327 820 Cretenses,

222 840 405 932 Cyrenaei,
440 838 683 906 severioris
713 839 851 906 Doridis
884 838 1016 904 nomine
1045 838 1324 928 significavimus,

172 951 176 958 '
220 945 305 1026 hoc,
328 967 394 1033 quo
416 941 537 1031 reliqui
560 941 764 1025 Dorienses,
797 940 1004 1008 mitiorem
1025 939 1187 1008 Doridem
1209 942 1325 1031 appel·

220 1046 373 1112 lavimus.
424 1043 567 1132 Antiqui
583 1047 609 1124 ¹)
638 1055 671 1110 ct
692 1043 894 1112 recentiores
917 1042 1118 1134 grammatici
1139 1065 1249 1134 neque
1273 1043 1324 1110 di·

222 1171 318 1215 uersa
339 1145 476 1213 Doridis
496 1171 616 1234 genera
639 1147 879 1228 distinxerunt,
914 1169 1042 1236 neque,
1076 1145 1205 1212 otiemsi
1226 1145 1324 1214 intel·

220 1250 363 1339 liperent
384 1249 606 1339 diphthongos
627 1274 693 1316 non
714 1249 837 1338 uhiqns
866 1250 1004 1332 mouri,
1037 1247 1117 1314 satie
1144 1271 1323 1340 perspexe-

220 1364 320 1436 runt,
353 1353 473 1443 qnihas
494 1351 618 1416 haihns
639 1375 677 1416 ee
698 1351 836 1418 Doridis
858 1351 1033 1420 severioris
1053 1352 1237 1442 proprietas
1257 1353 1323 1419 eir·

221 1455 419 1544 cumscripta
446 1463 544 1520 essct.
599 1453 797 1520 Accnratins
827 1453 1059 1544 quaerentibus
1089 1455 1153 1520 hoc
1173 1465 1321 1546 apparet,

87 1644 88 1650 ρ
224 1587 244 1637 η
267 1571 300 1624 et
321 1584 346 1622 u
376 1581 436 1647 pro
464 1555 656 1644 vulgurihos
679 1581 706 1620 es
725 1569 760 1623 ct
782 1583 818 1624 ου
838 1557 875 1622 in
897 1556 1061 1622 severiore
1081 1555 1206 1622 Doride
1227 1579 1322 1648 repe·

220 1661 282 1728 riri
307 1659 448 1752 primum
477 1657 667 1750 nhienaqur.
695 1661 777 1726 istac
805 1658 1003 1749 diphthongi
1030 1658 1251 1725 conuehendo
1281 1681 1323 1726 ex

221 1787 270 1841 re,
296 1788 348 1840 oa,
374 1787 411 1828 oa
433 1773 527 1828 natae
547 1773 626 1828 sunt
647 1771 735 1840 (mro
757 1761 815 1828 uhi
837 1785 879 1828 ex
899 1763 965 1844 aa),
989 1761 1109 1828 deinde
1129 1760 1323 1850 nhicnnque

222 1890 237 1932 s
269 1876 303 1930 et
332 1892 351 1930 c
382 1873 516 1955 propter
543 1865 678 1932 alteram
711 1889 729 1930 e
758 1863 888 1931 dnshus
918 1863 1075 1931 consonis
1105 1863 1323 1954 sequentihus

222 1968 359 2054 ejectam
381 1967 539 2057 producta
562 1978 658 2052 sunt,
688 1978 853 2057 postremo
874 1967 909 2032 in
931 1967 1122 2050 nonnullis,
1150 1990 1235 2057 qnae
1256 1967 1322 2034 ori·

222 2068 333 2158 ginem
354 2067 463 2134 minna
484 2079 628 2157 apertum
648 2069 779 2134 hahent.
810 2107 852 2156 ·.·
883 2069 937 2135 De
957 2069 1022 2152 iis,
1051 2092 1135 2160 quae
1155 2081 1320 2137 contrecta

224 2181 321 2255 sunt,
343 2169 431 2235 intra
451 2169 599 2236 dicemus
620 2171 653 2253 δ.
675 2169 719 2237 25
740 2182 774 2238 et
792 2170 856 2258 263
880 2195 969 2238 nnnc
991 2172 1118 2262 reliqna
1138 2173 1318 2240 videamus.

306 2343 341 2421 2)
384 2341 562 2412 Productio
593 2343 652 2410 illa
683 2343 906 2435 suppletoria‚
941 2369 1006 2436 quc
1038 2347 1167 2414 vocales
1197 2371 1211 2412 e
1242 2360 1275 2414 et
1302 2375 1318 2416 ο

222 2445 325 2534 vulgo
357 2445 392 2512 in
421 2445 644 2538 diphthongos
672 2471 699 2512 ει
720 2459 753 2516 et
775 2473 832 2532 oo,
865 2472 884 2515 a
912 2447 1074 2516 severiore
1095 2447 1221 2518 Doride
1243 2449 1318 2530 inq

223 2559 257 2614 et
279 2575 304 2610 ω
325 2559 510 2634 mutantur,
542 2551 683 2640 primum
711 2551 933 2642 conspicitur,
965 2550 1023 2616 uhi
1043 2580 1060 2616 ο
1081 2564 1156 2618 ante
1179 2577 1320 2644 sequens

225 2676 245 2716 ο
265 2652 406 2740 ejectum
435 2663 504 2736 est,
539 2654 628 2744 quod
655 2653 695 2720 ah
717 2653 853 2743 Argivis
876 2665 908 2719 ct
930 2653 1137 2722 Cretensium
1158 2667 1250 2746 parte
1271 2681 1318 2724 re·

223 2763 348 2820 tentum
371 2777 446 2822 csse
468 2753 611 2846 vidimus
632 2756 664 2840 §-
690 2757 751 2841 1¹4,
784 2781 803 2824 a
824 2755 958 2824 Lesbiis
985 2757 1020 2824 in
1052 2785 1065 2822 ο
1091 2759 1212 2826 mutari
1238 2761 1280 2826 L.
1303 2759 1318 2826 l

222 2854 255 2940 §-
281 2853 334 2922 10.

287 3009 320 3088 a)
363 3007 402 3072 ln
431 3007 632 3074 nominativo
661 3009 890 3078 declinationis
918 3013 1032 3078 tertiae
1061 3013 1106 3092 ἧς
1127 3039 1187 3104 pro
1209 3017 1253 3091 οἷς
1280 3041 1319 3083 ex

224 3113 273 3184 ἕνς
301 3121 351 3174 est
378 3109 412 3174 in
437 3109 531 3175 tahh.
556 3109 686 3176 lleracl.
712 3115 751 3196 1,
772 3115 816 3183 88
845 3125 878 3180 et
904 3115 991 3206 apud
1012 3113 1235 3183 llhinthonem
1256 3117 1320 3184 Το-

224 3211 389 3278 rentinnm
405 3213 454 3296 ²),
492 3213 601 3279 minus
631 3227 779 3282 accur-ute
801 3216 949 3284 Dorihus
982 3218 1018 3284 in
1046 3217 1239 3288 universum
1261 3221 1321 3286 tri-
1354 3285 1361 3300 ,

261 3499 287 3566 l)
322 3497 409 3556 Quam
436 3511 520 3566 saepe
548 3497 596 3552 tna
621 3497 785 3552 nutationes
812 3495 958 3552 uniuersae
983 3497 1087 3554 Doridi
1119 3515 1171 3570 per
1195 3515 1316 3556 errorem

224 3569 442 3654 adscripserint,
461 3595 608 3654 sequentes
629 3593 710 3638 notae
728 3585 885 3652 docebunt;
912 3587 1069 3642 accuratius
1086 3587 1211 3658 loquitur
1227 3601 1317 3656 gran·

226 3671 343 3725 rusticus
361 3672 389 3725 iu
408 3675 479 3724 Anu.
500 3674 576 3726 Oxx.
597 3673 626 3740 1,
646 3675 704 3728 117.
733 3673 857 3727 stacam
874 3671 926 3744 γὰρ
944 3675 969 3725 οἱ
986 3673 1136 3734 Λάκωνες
1160 3675 1208 3744 τὴν
1230 3676 1264 3730 δῦ
1281 3677 1319 3728 ‹li-

224 3763 342 3824 phonos
358 3761 462 3830 τρέπειν
479 3757 513 3818 οἷς
531 3760 564 3811 οῖ’
591 3759 709 3812 ἐπέπλων
730 3749 777 3813 ode
799 3759 925 3819 lusnloire
944 3763 987 3813 sul
1004 3765 1091 3835 τροπῇ
1111 3765 1247 3818 διαλέκτου
1264 3763 1318 3815 im-

115 3879 116 3884 =
225 3843 304 3902 πλοῖς.
326 3877 356 3888 -
394 3845 522 3900 Pessime
539 3847 585 3900 Et.
605 3847 639 3902 G.
658 3849 726 3914 «1⁹7,
744 3851 787 3903 ⁴5.
810 3849 947 3920 episteme
966 3849 1054 3902 decisos
1070 3849 1213 3904 πάντοτε
1229 3849 1279 3920 τὴν
1292 3851 1320 3904 il

224 3933 368 3998 δίφθογγον
385 3931 419 3992 sic
436 3933 463 4001 ’l-

259 4045 288 4109 2)
325 4045 395 4100 dnn.
412 4047 488 4100 ΟΠ.
513 4054 542 4114 Ι,
564 4055 620 4104 171.
644 4049 973 4111 19.φιοὰοωυοιοὲωῡ
992 4047 1036 4109 οἷς
1053 4049 1100 4120 τὴν
1119 4053 1264 4118 δίφθογγον
1282 4055 1322 4104 sni

223 4129 329 4192 Aiolsie
346 4135 389 4184 sni
406 4131 526 4204 Δωριέων
547 4135 572 4190 oi
595 4135 780 4214 παλαιότεροι·
806 4137 882 4213 παρὰ
906 4137 958 4211 γάρ
972 4135 1095 4193 Ῥἒοθοηι
1111 4137 1228 4210 ἐτράπη·
1255 4137 1321 4194 alt·

224 4209 257 4286 ἧς
276 4216 376 4272 scios·
394 4217 454 4274 dut
468 4227 518 4276 οοῡ
535 4221 595 4278 sridl
614 4219 655 4284 ote.
