2862 4770
329 345 361 436 §.
383 346 441 422 25.
490 345 546 418 De
568 375 617 434 ιε,
645 375 696 436 ιο,
727 373 766 416 oo
793 349 1000 420 contractis.
1131 345 1207 424 2⁰5

121 573 216 632 soona
238 543 481 614 rescribentium
504 543 651 628 vitietur,
686 569 747 614 neo
768 545 968 612 Laconicu-
996 557 1045 612 eet
1070 553 1208 631 φροῦδος

119 675 151 718 ν.
176 651 251 718 106.
310 647 472 716 Addimus
500 647 671 718 niceriam
700 645 870 733 λ’ωτρόν,
908 646 1034 714 uenisti
1058 649 1205 732 ἄλειμμα·

117 751 271 828 Λάκωνες
303 751 448 840 Hesych.
480 759 513 815 et
539 747 740 831 λωτήριον
771 749 903 815 Hercul.
939 750 974 830 1,
1006 751 1088 833 136,
1123 777 1208 842 quac

119 865 199 921 aunt
218 877 279 943 pro
302 850 449 934 λουτρόν,
474 850 635 936 tornioni·
656 875 674 916 c
698 849 842 933 λοετρόν,
865 850 1033 932 λοιτὴριον.
1077 853 1209 922 Postre-

120 981 174 1022 nro
197 956 230 1020 in
255 955 339 1022 crasi
361 952 495 1018 candem
518 953 626 1041 legero
650 954 757 1020 valere
780 951 964 1018 videbimus
985 953 1017 1036 ξ.
1034 956 1087 1022 27.

204 1059 238 1137 4)
275 1056 396 1122 Contra
419 1055 530 1122 mitior
543 1055 645 1120 Doris
664 1054 699 1120 in
720 1053 791 1120 illis
811 1053 963 1120 omuibus
986 1077 1058 1122 curn
1073 1059 1210 1126 Atthide

123 1173 156 1226 et
179 1158 254 1224 lade
278 1184 313 1224 oo
335 1168 368 1222 et
390 1181 423 1222 os
445 1156 479 1222 iu
502 1183 538 1220 ov
561 1156 745 1245 conjungit.

204 1264 237 1340 a)
280 1259 426 1324 Primum
456 1258 636 1345 genitivum
667 1257 894 1324 declinationis
923 1261 1084 1327 secundae
1112 1263 1209 1330 inor

119 1374 292 1430 exeuntem
316 1361 351 1426 hi
372 1360 461 1426 tituli
483 1359 655 1426 exhibent:
688 1360 845 1426 Laconici
866 1361 1085 1445 recentiores,
1119 1362 1211 1430 Mea-

122 1489 192 1532 neu.
213 1462 494 1552 Argsilermion.
527 1461 657 1528 Calaur.
689 1462 810 1550 Aegia.
840 1461 1004 1551 Megalop.
1031 1463 1212 1554 Tegeam

120 1565 220 1632 lioss.
244 1565 367 1653 Megar.
387 1564 509 1652 Delph.
535 1561 647 1647 (etium
665 1563 864 1651 antiquiores
882 1563 975 1631 1688.
988 1564 1084 1646 1690)
1106 1567 1209 1632 Phoc.

121 1669 221 1734 Locr.
245 1667 355 1732 Aetoi.
381 1667 501 1730 Acarn.
525 1665 703 1729 Thaumac.
728 1663 861 1752 Corcyr.
887 1705 929 1716 —
958 1665 1067 1734 Rhod.
1089 1667 1209 1756 Astyp.

121 1771 254 1858 Anapi.
277 1767 426 1856 Cotymn.
450 1765 552 1832 Ther.
577 1765 656 1832 Met.
680 1767 817 1853 Byzant.
840 1765 1208 1836 chalcettttessenhr.

122 1909 164 1922 -
193 1884 354 1960 nostram
383 1892 495 1936 omnes
526 1867 650 1945 Siculi,
690 1879 725 1932 nt
745 1869 866 1957 Agrig.
890 1867 964 1934 Get.
991 1869 1104 1958 Syrou.
1130 1871 1210 1936 Aer.

37 1973 42 1991 '
124 1971 282 2038 Taurom.
302 1972 437 2052 Alaea,
460 1993 534 2036 cum
555 1969 742 2036 Issensibus
764 1980 797 2035 ct
817 1993 975 2038 marmore
999 1972 1211 2056 Frrncoiauo‚

123 2076 221 2161 cujus
249 2075 353 2162 patria
381 2073 468 2138 latet.
524 2071 563 2136 lu
594 2070 646 2136 tis
674 2061 825 2138 orrioibus
856 2073 1019 2161 genitivus
1042 2075 1076 2140 in
1099 2099 1123 2142 ω
1146 2094 1213 2142 non

122 2177 245 2263 iegitur
266 2174 331 2239 nisi
351 2198 409 2263 per
429 2173 644 2265 corruptelam
668 2173 768 2264 idque
788 2173 964 2239 rarissime.
1009 2175 1057 2242 lta
1080 2176 1115 2242 in
1132 2175 1213 2247 Cor·
1263 2247 1265 2252 ,

123 2301 193 2366 cyr.
213 2276 296 2343 1840
318 2277 341 2340 Ι.
356 2278 396 2344 12
416 2277 568 2356 traditum
591 2286 640 2340 est
655 2300 996 2361 ινμιιωιαποτωιπορωι
1010 2301 1127 2362 tornaco
1142 2325 1150 2342 .
1166 2325 1175 2344 .
1189 2324 1214 2356 .‚

126 2380 213 2446 untie
235 2377 419 2444 Boecltitiue
442 2377 564 2442 effinxit
594 2379 729 2464 (πλέθρα
760 2381 856 2441 εἴκατι
884 2377 952 2458 δύο)
983 2381 1014 2444 ἕν
1035 2382 1129 2461 Μίνῳ
1152 2377 1213 2444 cini

124 2487 170 2548 roi
203 2480 292 2562 πόρω
321 2479 451 2565 ἐσχάτω.
511 2477 577 2544 Sed
598 2478 685 2542 hand
706 2489 896 2544 cunctanter
917 2479 1090 2568 legendnm
1113 2491 1164 2546 est
1185 2482 1217 2544 ἐν

124 2587 255 2663 Μινωΐᾳ
277 2585 376 2661 nortui
398 2579 486 2662 πόρῳ
509 2579 645 2664 ἐσχάτῳ,
670 2580 713 2643 ci.
738 2581 761 2646 Ι.
776 2581 816 2644 17
838 2581 958 2661 πλέθρα
980 2580 1012 2656 ἓξ
1034 2585 1129 2662 norati
1142 2591 1216 2648 Κω-

126 2691 219 2770 nauco
242 2695 275 2749 et
298 2682 418 2750 similia
440 2682 475 2746 in
498 2681 595 2746 titulo
617 2681 759 2746 Acrensi
779 2705 829 2744 nr.
852 2680 893 2762 3,
917 2691 952 2746 ut
971 2681 996 2746 l.
1022 2683 1061 2749 12
1082 2684 1113 2748 ἐν
1130 2681 1218 2748 Βάλ-

129 2813 171 2868 σᾳ
193 2791 263 2852 nori
283 2790 325 2868 τῷ
344 2784 533 2868 Ἀρτεμισίῳ
565 2783 735 2863 (scribitur
755 2808 896 2858 nonron,
931 2782 1018 2872 qnod
1049 2785 1130 2876 quid
1161 2784 1216 2867 ait,

129 2887 355 2977 Goettlingius
383 2887 522 2970 nescit),
557 2885 580 2950 1.
605 2885 645 2952 13
675 2891 745 2951 nori
777 2887 938 2969 φμητίοις,
968 2886 992 2952 1.
1015 2887 1055 2954 21
1084 2891 1157 2954 noti
1177 2891 1219 2968 τῷ

130 2993 220 3071 οἴνῳ,
254 2989 278 3056 1.
302 2989 344 3056 23
365 2993 434 3056 uoci
461 2993 502 3070 τῷ
529 2986 720 3070 'Aesernina
779 2986 876 3070 Quod
898 2987 932 3052 in
953 2987 1049 3056 tituto
1072 2989 1219 3080 Opuntio

129 3117 180 3158 ur.
205 3092 308 3174 1752,
340 3090 398 3180 qui
419 3088 561 3178 pessima
583 3089 646 3154 tide
670 3114 688 3154 a
708 3085 846 3155 Meletio
866 3089 1003 3157 unditus
1025 3103 1096 3176 est,
1129 3091 1216 3174 δάμω

130 3207 163 3260 et
183 3192 354 3275 Ἐροδάμω
375 3193 550 3279 leguntur,
577 3190 671 3257 flocci
694 3189 878 3256 iaciendum
901 3203 962 3257 est.

159 3367 163 3376 ,
215 3295 290 3361 Non
323 3294 430 3360 minua
465 3294 609 3384 vulgaris
642 3293 781 3384 genitivi
814 3293 916 3359 forma
949 3293 1070 3382 ubique
1101 3293 1223 3380 legitur

132 3398 219 3488 apud
241 3396 372 3464 Siculos
390 3395 639 3485 Epicharmum,
664 3394 1126 3485 SophronemrDinolochunr
1150 3396 1223 3478 (ao-

131 3502 265 3586 πηλμκοῦ
286 3501 379 3580 ζυγοῦ
393 3498 481 3564 Poll.
500 3497 547 3580 X,
565 3499 662 3580 177),
685 3496 927 3566 Archimedem.
973 3497 1118 3564 Tantum
1139 3497 1223 3586 apud

133 3599 365 3690 Epicharmnrn
388 3599 430 3664 ir.
446 3599 488 3666 95
510 3601 610 3690 vulgo
632 3599 787 3666 scribitur
807 3602 879 3680 περὶ
899 3595 1050 3681 roiyottoi,
1074 3599 1133 3666 uhi
1153 3600 1224 3666 vul·
1256 3665 1258 3670 .

133 3726 246 3792 garcrn
278 3701 579 3790 geniu'viJorrnarn
610 3725 676 3766 non
708 3700 779 3768 sine
807 3699 965 3766 librorum
994 3724 1055 3789 ope
1083 3701 1224 3768 restitui·

134 3828 230 3887 musa
275 3803 393 3870 deiude
416 3801 534 3894 Sophr.
560 3803 600 3870 10
628 3801 713 3892 ipnd
741 3801 856 3892 Apoll.
887 3802 929 3866 de
956 3793 1049 3890 pron.
1080 3827 1113 3892 p.
1136 3803 1179 3870 45
1197 3827 1227 3872 ,ι

134 3907 285 3972 Belcircro
314 3903 436 3971 editum
468 3917 517 3970 cst
547 3905 778 3987 καθαιρημένος
806 3912 869 3980 θην
898 3907 951 3967 καὶ
978 3907 1069 3981 τῆνος
1097 3903 1157 3972 ont
1186 3911 1228 3987 τῷ

135 4007 256 4094 χρόνῳ,
288 4007 346 4072 ubi
367 4005 601 4098 praetulimus,
633 4007 722 4096 quod
741 4007 777 4072 in
800 4005 974 4096 Execrptie
995 4005 1171 4074 Vossiauia
1192 4031 1225 4096 p.

138 4109 200 4178 549
221 4109 358 4176 “aditur
378 4105 438 4174 ὑπὸ
461 4111 502 4188 τῷ
522 4107 640 4194 χρόνῳ,
665 4109 705 4174 de
727 4132 793 4197 quo
815 4107 916 4174 dativi
931 4131 1000 4180 ¹usu
1022 4109 1096 4174 vide
1112 4107 1227 4176 Marto.

138 4214 171 4296 g.
195 4209 259 4278 395
285 4209 362 4278 Not.
420 4207 543 4298 Utique
572 4221 758 4302 corruptum
789 4221 840 4278 est
867 4211 995 4326 θωτέμω
1024 4209 1143 4300 Epicu.
1173 4211 1225 4280 48.
