2784 4768
220 321 272 404 Ω
426 319 483 394 De
507 315 659 392 dialecto
685 313 840 391 Aeolum
866 311 1098 392 Asianorum.

219 525 320 614 lsujns
349 521 537 590 mutationis
564 521 746 612 exemplum
772 519 950 612 reperitur,
989 530 1021 586 ot
1049 519 1177 608 tabulae
1205 519 1309 594 lleraa

220 631 392 710 cinenses,
422 635 563 694 ueterum
592 630 613 702 ἡ
634 624 669 690 in
691 623 803 688 multis
824 645 884 711 pro
904 621 1030 710 vulgari
1051 631 1082 688 Ξῖ
1101 623 1308 712 praebentes,

220 727 314 794 δώσει
334 738 367 793 et
386 725 505 792 similia
525 726 627 792 multa
646 724 777 792 habant.
822 723 953 790 Deinde
966 723 1120 790 Boeotios
1134 724 1310 806 dialectos,

219 853 303 922 qnae
323 839 344 908 ἢ
364 830 400 894 ἱιι
420 837 450 894 tt
471 838 504 893 et
523 837 553 892 ἓῑ
574 827 610 892 in
633 838 645 892 ῑ
666 836 792 909 mutat,
813 824 873 892 ‘sed
894 836 1000 892 servat
1020 825 1152 914 vulgare
1172 837 1225 906 ῖῑ,
1247 825 1311 892 ubi

219 932 363 1000 severior
383 930 557 998 Dorismus
583 935 605 1005 ἦ
626 928 724 994 habet
743 938 779 992 ut
800 925 898 1008 εἶμεν,
933 929 1067 1010 Χειρίας
1087 938 1219 1016 propter
1238 929 1310 994 Do·

217 1035 286 1101 rina
306 1028 399 1116 ἦμεν,
421 1030 481 1118 pio
505 1027 584 1119 (vid.
609 1024 639 1117 ξ.
662 1031 721 1113 39,
743 1025 800 1115 2),
830 1029 866 1094 in
886 1029 939 1094 nis
961 1027 1075 1094 formis
1093 1039 1108 1087 ῖ
1128 1029 1239 1110 offert,
1270 1016 1311 1094 ut

219 1137 316 1221 idm,
349 1134 396 1220 ἔχι
423 1157 482 1222 pro
508 1133 619 1216 λέγεις,
649 1128 711 1216 ἔχει
734 1125 785 1216 (ᾗ.
808 1130 869 1213 40,
891 1127 943 1216 3).
1011 1129 1186 1216 Colligitur
1213 1129 1309 1212 iude,

218 1239 313 1306 etiam
336 1236 529 1303 severiorem
548 1232 737 1300 Dorismum
765 1241 795 1296 Ξῖ
821 1230 856 1296 in
884 1231 936 1297 luis
959 1253 1124 1310 servasse,
1158 1254 1217 1298 nee
1243 1232 1308 1298 mi-

216 1337 430 1421 anshelm,
453 1361 590 1426 quornm
611 1335 633 1412 ἦ
652 1332 739 1421 apud
758 1332 900 1398 Boeotos
921 1355 1087 1420 nunqnam
1109 1351 1175 1396 non
1197 1341 1308 1400 trans-

216 1443 243 1508 it
280 1441 315 1506 in
351 1447 392 1504 ῑῑ.
422 1481 463 1492 -
512 1437 664 1523 Denique
693 1436 786 1518 λέγεις
814 1445 847 1500 et
873 1435 950 1517 λέγει
979 1457 997 1499 e
1025 1435 1123 1516 λς’γεσι
1149 1447 1182 1498 et
1212 1437 1309 1518 lr'yers

217 1554 286 1610 orts
307 1554 384 1608 sunt
404 1541 469 1606 iota
489 1537 685 1626 transposito
712 1537 791 1616 (vid.
817 1536 897 1604 diss.
920 1547 1023 1602 nostr.
1048 1536 1086 1602 de
1109 1537 1195 1624 eonj.
1220 1537 1252 1601 iu
1268 1537 1308 1620 ’ρῖ

217 1641 250 1734 ἓ.
273 1645 311 1722 6,
333 1645 427 1732 Bopp
448 1643 552 1727 Verqi.
577 1639 635 1706 Gr.
658 1661 691 1725 p.
715 1637 778 1703 645
800 1661 913 1725 seqq.‚
944 1638 1021 1704 Pott
1046 1639 1096 1704 ΕΙ.
1120 1641 1248 1706 Forscd.
1272 1641 1303 1706 l.

214 1771 250 1836 p.
272 1740 353 1831 21),
392 1743 477 1808 nude
498 1753 513 1802 ῐ
534 1741 589 1806 vix
612 1739 646 1804 in
669 1739 736 1804 ulla
761 1739 899 1806 dialecto
920 1739 1024 1804 omitti
1047 1763 1145 1828 posse
1162 1741 1302 1808 videtur.

215 1849 288 1916 Jani
309 1870 404 1921 vero,
435 1843 521 1909 unde
544 1843 597 1908 lie
617 1840 896 1929 grammaticorum
918 1863 1008 1906 error
1028 1842 1223 1925 manaverit,
1253 1844 1306 1908 in·

215 1947 338 2016 dicium
369 1945 529 2036 quoddam
556 1943 628 2032 ipse
658 1941 907 2008 Clsoeroboseus
943 1941 1098 2028 praebet,
1139 1945 1179 2012 do
1209 1948 1306 2014 tertia

214 2061 499 2142 persentiscens,
523 2044 683 2114 secundae
705 2053 867 2132 praeterea
889 2043 1042 2110 Dorieom
1065 2045 1199 2110 sormam
1222 2047 1307 2132 ia'yac

214 2173 477 2218 commemorans.
531 2147 642 2231 Quum
664 2145 807 2210 enimin
829 2144 1069 2234 antiquissimis
1091 2145 1187 2212 libris
1207 2157 1222 2212 ἓ
1243 2174 1307 2238 pro

213 2264 236 2334 ἦ
257 2266 289 2321 et
308 2254 337 2318 ii
359 2251 516 2340 seriptum
538 2260 643 2331 esset,
667 2245 882 2338 grammatici,
914 2246 971 2336 qui
992 2247 1203 2316 Aeolieorum
1225 2259 1307 2339 poil-

212 2367 318 2422 tarum
339 2354 480 2422 earmina
501 2351 734 2430 recensebunt,
763 2371 828 2412 nou
855 2347 964 2414 minus
988 2373 1083 2438 saepo
1105 2350 1197 2416 dubii
1227 2355 1306 2420 lme-

212 2458 351 2542 rebant,
380 2479 475 2544 quam
497 2453 555 2544 qui
576 2451 753 2518 Homerum
776 2460 808 2514 et
827 2450 1024 2533 Pindarum,
1058 2451 1156 2518 dultia
1173 2453 1306 2540 judiea-

211 2561 293 2627 lmnt
325 2585 365 2624 ex
394 2556 565 2645 analogiis.
631 2553 734 2622 Erant
765 2561 870 2618 autem
902 2565 951 2620 sat
979 2553 1098 2620 multae
1119 2555 1305 2642 analogiae,

212 2661 301 2728 nude
332 2659 455 2726 Aeoles
487 2668 519 2722 et
544 2658 652 2724 Dores
682 2657 769 2739 λέγης
809 2679 868 2743 pro
901 2657 994 2738 λέγεις
1026 2655 1149 2721 dixisse
1186 2659 1305 2747 colligi

212 2787 312 2853 posse
342 2761 515 2830 videretur.
575 2757 663 2822 Num
693 2781 752 2844 pro
781 2757 874 2837 λέγειν
894 2757 1051 2822 Dorieum
1074 2767 1106 2820 et
1125 2759 1303 2828 Aeolicum

212 2875 263 2932 est
283 2864 389 2947 λε’γηι,
421 2859 578 2927 Doricum
606 2868 769 2948 praeterea
790 2857 889 2936 λέγει,
921 2879 980 2944 pro
1000 2857 1120 2938 χαρίεις
1140 2855 1304 2928 Doricum

172 2959 178 2970 ’
212 2977 245 3032 st
271 2967 384 3052 χαρίης
414 2973 445 3026 et
472 2961 595 3045 χαρίις,
628 2956 715 3024 rande
737 2979 838 3043 quum
865 2977 924 3042 pro
952 2955 1046 3038 λέγεις
1067 2955 1172 3020 Dones
1202 2959 1303 3028 etium

212 3070 293 3152 ie'yee
315 3067 474 3140 dicerent,
498 3085 564 3124 uon
587 3059 696 3124 miuus
718 3059 805 3138 ir'rttt
826 3053 983 3120 Doricum
1003 3069 1035 3120 et
1056 3059 1228 3126 Aeolicum
1252 3063 1301 3128 vi-

211 3170 281 3236 deri
302 3175 437 3258 poterat.
488 3160 631 3228 Tertiam
654 3181 826 3249 personam
855 3156 931 3224 illue
953 3159 1121 3248 analogiae
1142 3183 1207 3228 non
1230 3174 1300 3230 nu„

211 3271 342 3360 gelant.

294 3369 422 3435 Minore
444 3367 539 3432 etiam
556 3365 633 3451 jure
655 3361 853 3452 grammatici
878 3363 961 3426 liano
984 3363 1189 3436 mutationem
1212 3366 1300 3434 Aeo.

211 3475 304 3540 licum
328 3477 509 3558 agnoscunt
536 3467 570 3532 in
592 3464 700 3550 παρηά
730 3489 789 3554 pro
811 3461 944 3546 noperd,
979 3489 1080 3553 anmr
1102 3467 1300 3533 Lesbiorum

79 3565 82 3572 ⁴
211 3573 320 3662 potius
344 3567 536 3652 situnensis
563 3562 615 3656 (ξ.
639 3567 679 3651 5,
702 3567 763 3655 5),
797 3577 829 3631 et
850 3565 947 3652 ὅνηαρ
977 3591 1036 3656 pro
1059 3567 1180 3652 ὄνειαρ,
1214 3595 1300 3660 qnae

211 3675 363 3741 Boeotios
384 3673 536 3740 videntur
556 3695 575 3736 e
595 3667 735 3753 παραιᾶ,
758 3669 869 3751 iunceo
891 3679 983 3749 nata,
1007 3669 1072 3736 vid.
1097 3663 1127 3757 ἓ.
1150 3671 1203 3737 40.
1227 3683 1298 3738 not.

210 3777 249 3858 6,
284 3775 402 3842 deinde
431 3773 466 3839 in
493 3771 599 3850 πλήων
626 3795 685 3860 pro
712 3773 824 3835 nialus
857 3765 1011 3857 (quonum
1041 3769 1151 3853 παρηᾶ
1172 3797 1300 3862 nonma-

210 3888 298 3948 rotun
317 3877 352 3942 in
375 3877 429 3943 Et.
453 3873 500 3941 M.
523 3875 610 3956 653,
632 3875 673 3938 33
695 3885 726 3937 et
747 3871 833 3936 Gnd.
857 3871 938 3954 453,
962 3871 1037 3957 13),
1065 3875 1174 3961 quod,
1197 3899 1299 3963 quum

208 3979 466 4068 vulgatissimum
488 3975 576 4068 apud
604 3973 828 4064 grannanatieos
851 3972 894 4036 sit
915 3976 1098 4062 exenrplum
1130 3985 1157 4038 Ξῖ
1177 3974 1301 4044 Dorice

209 4083 244 4151 in
264 4090 286 4158 ἦ
308 4081 434 4168 mutati,
456 4093 563 4148 umen
584 4102 651 4142 non
674 4076 802 4140 videtur
822 4099 896 4141 vere
918 4075 1073 4141 Doricum
1097 4100 1169 4142 esse
1192 4101 1300 4168 neqno

210 4181 406 4268 Aeolicum,
442 4207 540 4272 quum
577 4179 719 4252 πλεῖστος
752 4179 881 4268 legetur
917 4177 952 4242 iu
982 4177 1082 4246 Lesb.
1111 4175 1194 4244 2166
1233 4181 1296 4258 (ei.
