2862 4770
228 329 304 406 242
609 329 667 402 De
688 326 938 421 declinatione.

230 532 302 604 siue
323 532 389 596 iota
411 529 463 608 ll,
489 529 531 596 12
552 541 585 596 et
604 529 709 616 ἥρωσι
730 527 794 614 lv,
815 529 846 596 7.
889 529 1078 598 Boecbbius
1097 529 1164 598 iota
1186 529 1329 618 delerit,

230 659 293 702 noa
313 631 498 724 paullulum
521 630 733 715 dubitamus,
756 655 797 698 su
820 655 839 699 e
861 655 986 699 summe
1007 632 1201 724 antiqnitrte
1221 645 1330 700 reten-

231 751 299 804 tum
328 735 383 800 sit.
429 732 540 816 Quum
569 734 658 802 enim
687 733 917 824 antiquissimu
938 735 1051 823 lingna
1072 734 1181 802 biatus
1201 735 1238 802 iu
1261 759 1329 806 me

231 839 297 904 diis
318 833 488 904 vocubulis
510 836 684 926 impatiens
716 849 827 918 esset,
860 861 958 928 saepe
989 837 1075 904 inter
1102 840 1233 906 vocales
1262 839 1330 908 ion

230 959 416 1008 consonans
443 935 629 1024 interjecit,
674 959 740 1028 qno
773 939 809 1003 in
839 939 984 1004 vocslem
1012 951 1134 1006 mutato
1155 953 1231 1006 nuta
1252 951 1330 1006 sunt

231 1052 339 1108 ἵπποιο
362 1063 423 1130 pro
443 1037 579 1130 antiqno
600 1038 715 1117 tundo,
739 1041 821 1122 ι’μιῒο
843 1063 903 1132 pro
925 1041 1015 1122 ἰμεό,
1040 1041 1129 1104 oredo
1150 1063 1211 1130 pro
1230 1041 1329 1121 στὴνι,

231 1141 380 1218 retunde
399 1166 460 1232 pru
482 1140 622 1221 τεθνηῶς
643 1152 733 1226 eto,
766 1142 842 1210 vide
863 1166 948 1234 quse
970 1141 1210 1232 disputavimus
1232 1143 1269 1208 in
1291 1143 1329 1209 li·

232 1247 320 1315 bello
343 1245 383 1310 de
405 1243 638 1330 conjugatione
660 1243 694 1308 in
716 1271 750 1327 μι
778 1270 810 1336 p.
835 1245 888 1314 19.
933 1245 1053 1312 Nonne
1073 1245 1244 1334 probabile
1264 1255 1328 1328 cst,

231 1349 316 1416 illud
338 1349 403 1414 iots
423 1347 459 1412 in
482 1344 592 1430 ἡρῴων
612 1345 652 1412 ad
674 1345 810 1412 undem
828 1347 990 1436 originem
1006 1349 1215 1414 referendum
1232 1347 1329 1414 esse't

232 1451 304 1523 Nec
334 1447 534 1541 Sprsenssni
567 1447 631 1514 elia
659 1448 700 1514 ds
727 1471 825 1515 cansa
856 1477 874 1512 ν
904 1449 1134 1518 interseruisse
1163 1451 1325 1518 videntur.

235 1555 390 1622 Ceterum
411 1549 560 1642 vulgaris
581 1551 685 1617 forms
707 1551 815 1635 ἥρωος
835 1563 887 1618 est
909 1551 943 1618 in
967 1551 1088 1641 Ampb.
1114 1553 1207 1621 1688.

317 1656 440 1728 stete.
485 1651 716 1720 Nominatirus
746 1653 823 1730 αλάξ
851 1653 973 1744 legitur
999 1655 1086 1744 spud
1114 1655 1327 1723 'l'beocritum

231 1759 311 1842 XV,
328 1757 369 1824 32
388 1754 501 1837 (codd.
518 1755 564 1820 A.
574 1756 618 1821 lt.
636 1755 746 1839 κλάγξ)
766 1765 799 1822 et
811 1753 955 1822 Doricus
969 1755 1091 1822 dicitur
1110 1781 1129 1823 a
1152 1759 1327 1826 scholiasta

231 1861 273 1928 ad
293 1861 381 1926 bunc
404 1857 513 1924 locum
536 1869 569 1922 et
590 1857 631 1923 ad
652 1857 721 1941 vl,
745 1859 808 1942 32,
840 1857 921 1924 mirs
950 1858 1055 1924 forms
1076 1869 1109 1922 et
1130 1857 1326 1926 dubitetioni

232 1958 327 2031 rsldc
349 1959 502 2026 obnoxie.
557 1957 595 2024 Si
617 1959 745 2048 integre
766 1973 838 2043 est,
871 1959 1036 2050 quomodo
1057 1971 1126 2026 orta
1149 1959 1328 2026 existimsri

232 2062 358 2155 possit,
381 2085 480 2151 suprs
501 2052 644 2126 dirimus
665 2061 697 2144 §-
724 2062 782 2144 19,
803 2061 836 2128 6.
883 2061 1157 2156 Cestius-Dorica
1177 2061 1327 2128 babeuds

233 2175 311 2233 sunt
331 2165 418 2238 νλαΐς
439 2176 472 2228 et
492 2165 579 2237 αλαίς
607 2165 662 2230 rel
689 2163 766 2264 utpic
795 2175 828 2230 et
855 2164 933 2230 inde
955 2166 1084 2240 stridor
1104 2164 1203 2230 Pind.
1227 2165 1323 2254 Pyd.

232 2265 335 2342 vlll,
358 2265 403 2348 4,
424 2263 555 2343 ιλαῖδα,
578 2267 715 2346 sicidae,
739 2265 806 2332 vid.
830 2267 862 2350 ξ.
888 2267 949 2349 19,
971 2265 1004 2332 6.

316 2365 400 2449 μήν.
447 2365 657 2433 Grammatici
677 2377 848 2447 testentur,
872 2366 1053 2435 Dorienses
1074 2369 1135 2451 μῆς
1156 2369 1268 2437 dicere
1282 2369 1324 2458 ³),

233 2471 333 2560 idque
355 2467 478 2560 legitur
497 2469 629 2536 Herscl.
654 2468 694 2534 B.
716 2472 746 2535 1.
792 2467 859 2536 Sed
881 2471 1075 2538 crediderim
1097 2493 1167 2538 eam
1189 2475 1326 2542 forman

234 2571 390 2642 severiori
411 2569 531 2638 Doridi
552 2574 717 2663 propriam
745 2596 819 2639 esse
840 2597 901 2663 pru
922 2571 1038 2642 lonico
1059 2587 1092 2640 et
1113 2575 1226 2642 Attico
1248 2581 1326 2658 petr,

233 2699 300 2766 quo
321 2673 482 2741 mitiorem
502 2697 635 2764 quoque
652 2674 811 2741 Doridem
833 2696 926 2740 nssm
946 2676 1151 2744 srbitramur.
1189 2677 1326 2768 Rebiqni

232 2801 328 2844 casnm
349 2775 449 2858 μηνός
469 2787 531 2842 etc.
555 2800 620 2843 nou
646 2777 831 2867 discrepent
851 2801 925 2844 cnm
948 2779 1077 2866 vulgari
1098 2783 1236 2848 ratione.

317 2880 415 2952 ναῦς
451 2879 539 2967 apud
571 2879 751 2944 Pindarum
785 2891 818 2944 et
848 2879 1063 2948 Theocritum
1094 2885 1154 2948 bsc
1185 2885 1327 2952 flexione

233 2978 353 3044 utiturr
378 2983 467 3055 ναῦς,
489 2979 583 3057 ναός,
606 2985 674 3059 ναΐ,
696 2985 773 3045 ναῦν
793 2982 869 3062 (νᾶα
890 2983 976 3073 spud
997 2983 1240 3052 Callicratidan
1264 2988 1326 3077 Py·

233 3081 423 3169 tbsporeum
451 3077 544 3146 Stob.
569 3081 658 3146 Flor.
683 3081 862 3168 LXXXV,
887 3085 928 3154 16
956 3111 975 3152 e
1003 3085 1099 3154 codd.
1126 3089 1170 3154 Α.
1195 3089 1236 3154 Β.
1268 3115 1326 3180 pro

233 3186 308 3246 ναῦν
329 3180 566 3247 testimendnm
589 3181 753 3270 videtur),
780 3191 871 3272 νᾶες,
894 3193 995 3274 νααῑν,
1018 3194 1111 3256 ναυνι1
1131 3188 1207 3278 (boc
1229 3193 1325 3259 etism

232 3283 268 3348 in
291 3283 399 3350 Rbod.
422 3284 521 3365 2525)
544 3287 597 3350 ved
619 3284 746 3368 νάεσσι,
769 3293 867 3369 educ,
892 3313 999 3383 neque
1021 3293 1220 3379 dubitemus,
1244 3297 1323 3388 quin

232 3409 272 3452 es
292 3385 523 3454 declinationis
549 3388 632 3454 ratio
661 3401 694 3456 et
722 3415 797 3458 vere
819 3391 940 3460 Dorica
969 3407 1001 3460 ct
1022 3397 1251 3486 antiquissima
1273 3399 1322 3465 sit

268 3691 297 3756 3)
331 3691 376 3744 m.
396 3689 431 3744 G.
450 3692 511 3756 381,
530 3694 564 3746 15
581 3694 629 3757 (cs.
653 3695 794 3765 Excerpte
812 3711 849 3748 ex
867 3695 960 3767 Etym.
981 3697 1044 3768 Reg
1074 3699 1138 3754 Pur.
1157 3711 1222 3770 post
1239 3704 1324 3760 Orio-

235 3792 296 3828 nem
325 3792 351 3845 p.
372 3779 438 3841 192,
458 3777 510 3841 m).
544 3780 611 3841 μέν·
638 3810 669 3822 w
706 3781 730 3833 oi
759 3785 866 3855 Δωριεῖς
893 3785 936 3840 διὰ
960 3787 1007 3854 τῆς
1032 3784 1051 3856 ἦ
1076 3787 1218 3860 γράφωσιν
1246 3789 1322 3848 αὐτὸ.

233 3861 308 3914 Hine
331 3862 457 3930 corriges
482 3879 510 3931 p.
528 3866 599 3931 ³83,
618 3867 663 3921 41¹
681 3869 735 3930 nris·
759 3871 825 3938 (leg.
843 3870 906 3942 μὴς)
933 3873 1069 3944 Αιιριιΐις,
1096 3873 1145 3948 uie
1170 3877 1240 3946 (leg.
1259 3881 1323 3944 urie)

230 3945 352 4006 Ἀττικῶς
371 3953 414 4004 καὶ
430 3947 483 4018 μή*
499 3955 587 4010 καινῶς
632 3954 772 4010 materen.
793 3957 830 4012 M»
850 3960 917 4026 688,
934 3963 966 4025 3,
993 3952 1046 4014 ubi
1058 3964 1112 4024 μεὶς
1129 3981 1145 4016 e
1162 3963 1214 4032 μήν
1231 3979 1322 4020 retu

233 4033 352 4088 dieitur:
381 4037 425 4087 sui
452 4035 554 4106 ἐτράπη
575 4037 606 4091 sd
625 4043 644 4109 ἢ
661 4043 781 4113 Δαριιῶς
799 4043 833 4103 rie
850 4041 898 4114 τὴν
915 4047 945 4100 Ξῖ
963 4047 1113 4114 δίφθννῃν.
1149 4051 1322 4108 Commemo-

233 4132 310 4176 rstur
333 4119 382 4190 νήι
411 4134 441 4174 nt
468 4123 620 4180 mutatione
648 4140 740 4182 ortum
764 4130 977 4200 uTbeognosto
996 4137 1072 4192 Oxx.
1092 4137 1139 4200 11,
1160 4141 1225 4206 134,
1243 4143 1278 4196 ³⁰
1295 4151 1323 4196 et

236 4207 357 4260 Arcadio
375 4225 402 4276 p.
424 4211 487 4275 126,
507 4213 532 4264 9.
