2866 4766
360 371 392 463 §.
421 373 483 450 ³7:
533 375 590 448 De
615 377 869 480 conjugatione
898 381 936 456 in
963 413 998 456 ω.
1149 386 1225 467 905

129 571 262 640 tirum
284 573 441 639 coristi
464 575 645 641 secundi
667 575 765 642 activi
787 577 821 644 iu
845 603 879 644 ou
900 581 1028 663 exisse,
1062 597 1098 653 ut
1118 593 1220 675 θίγον,

127 673 242 756 λάβον,
278 675 395 740 ἄντλον.
450 676 548 742 Nono
576 677 669 742 nulla
698 681 844 770 exempla
873 697 1069 774 supersunt,
1101 692 1221 779 quibus

126 797 241 842 eornm
268 790 476 867 praeceptum
506 779 561 846 vel
592 780 801 848 confirmetur
832 786 884 852 vel
912 788 1084 855 refutetur.
1138 793 1222 862 Nam

127 877 215 944 εἶπον
237 903 297 968 pro
318 881 385 943 εἰπέ
402 879 544 946 Theocr.
561 881 659 964 xlv,
683 883 720 948 11
746 908 786 950 ne
808 885 851 951 ab¹
864 887 975 956 Attica
997 893 1129 982 quidem
1144 919 1221 964 cou·

126 980 303 1046 suetudine
334 981 475 1047 alienum
508 993 568 1048 est.
624 985 868 1053 Alexandrinos
901 1001 934 1054 ct
964 995 1221 1067 recentissimam

124 1081 344 1148 Graecitatem
367 1084 498 1150 nor-istis
521 1085 676 1152 secundis
699 1111 794 1177 saepe
815 1090 913 1179 primi
935 1094 1048 1160 coristi
1069 1100 1220 1168 termine·

123 1184 233 1252 tiones
255 1184 386 1252 dedisse
408 1197 547 1270 constat,
570 1189 743 1278 praecipue
758 1189 793 1254 iu
812 1191 1002 1279 indicativo,
1025 1197 1092 1263 vid.
1108 1200 1218 1270 Sturz.

125 1285 168 1352 de
190 1287 266 1354 dial.
290 1288 389 1354 Alex.
412 1313 446 1378 p.
470 1287 530 1366 60,
553 1289 676 1356 Buttm.
701 1291 845 1358 Gramm.
869 1295 885 1360 l
909 1297 997 1379 §.96
1018 1313 1087 1366 not.
1099 1303 1132 1368 9.
1167 1305 1218 1372 Eo

124 1389 343 1456 Buttmanuus
377 1390 523 1458 Gramm.
554 1391 588 1457 ll
618 1417 652 1483 p.
678 1395 739 1461 136
767 1395 880 1462 retulit
907 1397 1093 1486 yevdperoc,
1130 1407 1218 1495 quod

124 1491 264 1558 subinde
294 1518 353 1583 pro
385 1493 545 1576 γενόμενος
575 1495 663 1585 apud
695 1497 924 1564 Archimedem
956 1501 1079 1591 legitur
1111 1518 1147 1572 ut
1177 1509 1218 1576 de

123 1593 222 1660 Plan.
247 1595 334 1686 Aeq.
357 1621 389 1686 p.
416 1597 475 1682 17,
511 1598 552 1664 de
579 1597 718 1664 Conoid.
748 1621 782 1689 p.
805 1600 880 1668 259.
903 1601 986 1688 269,
1020 1605 1217 1696 obloquente

122 1709 232 1762 tamen
247 1697 437 1780 Lobcclrio‚
460 1699 518 1790 qni
540 1699 750 1766 librariorum
768 1724 909 1770 errorem
923 1708 1084 1796 agnoscit.
1120 1709 1218 1778 Certe

120 1823 192 1866 eam
220 1801 356 1866 formam
385 1801 426 1866 ab
454 1801 588 1894 antiqua
611 1801 889 1891 Syracusanorum
918 1807 1055 1875 dialecto
1077 1809 1216 1880 alienam

120 1914 284 1990 putamus.
342 1903 473 1970 Certius
503 1915 553 1972 est
584 1902 697 1987 ἆφὲλαι
725 1906 759 1971 in
782 1906 871 1974 Cret.
893 1909 996 1993 255⁷,
1033 1909 1097 1978 uisi
1128 1923 1215 1982 rectc

117 2003 307 2070 Boeclrlrius
330 2005 440 2088 ἆφελέτ
462 2007 626 2091 restitnit,
652 2018 688 2073 ut
711 2007 746 2074 iu
769 2033 819 2074 nr.
842 2009 927 2078 2555
950 2021 1001 2077 cst
1022 2012 1128 2088 ἔξελέν.

203 2129 241 2218 6)
287 2131 483 2199 Secunda
516 2134 761 2225 singularis
791 2137 1039 2224 praesentis
1072 2140 1215 2227 subje-

116 2233 226 2302 ctivi
255 2259 423 2324 uunquam
454 2261 522 2302 non
550 2248 714 2302 contracta
743 2237 924 2328 reperitur,
956 2251 994 2305 ut
1023 2237 1142 2332 Sophr.
1172 2245 1215 2312 23

118 2339 190 2427 οἵῃ,
218 2337 259 2404 91
282 2337 433 2425 καταδύῃ.
478 2337 679 2428 Conspirant
699 2339 797 2405 etiam
818 2339 928 2406 futura
952 2341 1115 2432 duplicem
1137 2367 1214 2411 con·

116 2439 308 2507 tractionem
331 2463 447 2530 passas
481 2439 600 2530 Epich.
621 2443 663 2508 18
684 2446 771 2529 λαψῇ
791 2439 826 2526 (e
843 2439 1009 2528 λαψίεαι),
1035 2443 1153 2534 Sophr.
1170 2447 1213 2513 93

118 2547 283 2632 namorp,
317 2543 379 2610 192
401 2543 516 2630 δεησῇ,
549 2541 706 2632 Aeginet.
729 2542 866 2626 2140,1)
889 2545 1028 2622 αι’τιασῆ.
1083 2545 1128 2610 Et
1158 2547 1212 2613 lric

1 2663 2 2668 ’
116 2645 252 2735 quidem
274 2645 339 2712 iota
362 2644 583 2735 subscriptum
606 2644 717 2722 deest,
740 2645 830 2734 quod
852 2645 1021 2732 adjicienti
1045 2645 1212 2716 Bocclrhio

116 2747 280 2814 caleulum
301 2747 420 2814 addere
442 2768 508 2813 non
528 2747 696 2812 audemus.
733 2745 820 2811 Vide
834 2747 935 2824 euim,
958 2759 1114 2838 quantum
1135 2774 1211 2817 aua·

1 2915 3 2938 .
115 2851 227 2942 logice
249 2851 293 2916 sit
312 2851 400 2918 inter
420 2850 583 2940 triplicem
605 2847 807 2934 conjunctivi
830 2849 965 2916 formam
980 2847 1087 2937 θάνῃ,
1110 2852 1208 2932 delun,

113 2952 209 3018 θάνω
230 2953 262 3036 ἕ.
287 2953 349 3038 36,
373 2953 393 3020 3
423 2963 455 3017 et
485 2952 646 3018 secundae
676 2949 832 3036 objectivi
861 2951 975 3040 τύπτῃ,
1007 2949 1101 3031 edura
1135 2977 1208 3020 cum

113 3055 228 3122 Attico
258 3053 374 3120 τύπτει.
419 3054 592 3122 Praeteriti
622 3053 763 3120 secunda
796 3077 935 3144 persona
957 3077 1022 3121 nou
1045 3065 1209 3124 contracta

114 3155 192 3242 ᾤχεο
215 3157 335 3246 legitur
348 3156 467 3248 Epich.
485 3158 539 3226 29.
585 3155 745 3246 Suspecta
762 3167 840 3221 sunt
859 3155 1006 3243 ejusdem
1028 3156 1208 3246 fragmento

115 3259 179 3324 113
202 3270 236 3324 et
257 3259 340 3342 149,
375 3259 431 3325 ulri
458 3259 642 3349 imperativi
671 3257 805 3346 πορεύου
826 3271 859 3324 et
882 3260 1010 3324 διανοοῦ
1037 3259 1204 3346 leguntur.

198 3386 234 3460 7)
275 3385 349 3454 Jam
379 3385 458 3453 licet
486 3389 547 3455 lucc
568 3387 709 3454 Doricae
739 3384 984 3476 coujugationis
1013 3384 1047 3448 in
1070 3411 1095 3450 ω
1115 3411 1206 3475 para·

112 3488 225 3578 digma
246 3512 451 3580 proponeres

242 3681 522 3772 Objcctivum.
781 3677 1088 3766 Subjcctivnm.

546 3809 769 3876 Praesens.

111 3915 395 3982 Indicativus.

111 4039 206 4131 Sing.
222 4045 254 4110 1.
278 4045 369 4108 telum
739 4037 883 4121 λειπόμαι
942 4098 946 4104 .

219 4145 253 4213 2.
275 4146 388 4223 λείπεις
394 4197 405 4225 ,
431 4148 530 4222 leluec
736 4141 894 4226 (λειπεάι),
918 4143 1006 4227 irrupi

217 4245 250 4314 3.
272 4249 367 4312 λείπει
535 4263 539 4275 “
736 4245 870 4310 λειπέτω

153 4371 202 4439 11.
956 4368 999 4436 29
