2844 4770
87 370 92 388 ’
211 417 236 468 ι

209 617 373 680 accurate
415 605 786 701 accommodaremus,
838 603 903 680 sed
946 605 1060 680 semel
1103 609 1306 702 monuisse,

209 735 302 810 quae
328 708 374 780 ad
398 711 522 807 plnres
547 709 646 784 locos
671 711 914 810 pertinerent,
949 711 1036 782 satis
1062 705 1272 782 habuimus.

311 813 446 911 Accipe
474 813 611 913 igitur,
656 814 714 885 mi
746 811 1045 906 Lachmannc‚
1088 810 1188 885 huno
1215 839 1305 912 qna·

209 915 426 1014 lemcunqnc
448 913 605 1009 librum,
649 941 757 1016 quem
783 918 815 988 si
840 917 960 1014 priore
993 941 1068 988 non
1094 915 1308 990 inferiorem

204 1016 426 1116 judicaveris
452 1043 582 1119 neque.
597 1017 676 1093 leuc
699 1018 769 1094 hoc
794 1017 905 1091 animi
932 1019 1005 1091 mei
1033 1041 1119 1118 erga
1145 1017 1208 1091 'l'c
1240 1017 1306 1093 do·

209 1131 415 1192 comeatum
446 1123 725 1220 contempseris,
770 1123 856 1194 satis
881 1119 1040 1220 emplum
1071 1117 1206 1192 laboris
1231 1121 1306 1194 mei

208 1224 406 1320 praemium
439 1235 566 1298 nactus
596 1249 675 1298 esse
707 1223 871 1298 videbor.
951 1221 1066 1322 Spero
1093 1221 1173 1295 lieri
1196 1247 1303 1321 posse

209 1336 251 1396 nt
277 1323 441 1400 breviore
467 1327 658 1400 intervallo
689 1325 858 1402 succedat
883 1328 1032 1418 tertius,
1072 1326 1137 1426 qni
1163 1327 1233 1398 erit
1257 1324 1302 1399 de

209 1424 360 1500 dialecto
387 1429 524 1502 lonica.
601 1429 724 1524 Quum
751 1431 848 1503 enim
874 1430 913 1500 in
938 1431 1017 1526 ipso
1042 1425 1137 1500 libro
1162 1426 1304 1527 aliquo·

209 1529 278 1602 ties
304 1527 556 1623 indicaverim,
591 1544 803 1632 sequentem
830 1531 875 1604 de
901 1532 1024 1604 mixtis
1050 1531 1244 1630 lyricorum
1268 1541 1307 1603 et

209 1627 456 1706 bucolicorum
482 1633 644 1707 dialectis
676 1647 840 1708 acturum
866 1659 965 1725 esse,
1011 1630 1199 1708 consilium
1221 1657 1304 1703 mu·

209 1733 356 1807 tandum
385 1747 483 1828 crat,
521 1749 710 1836 postquam
732 1739 891 1836 comperi
911 1737 976 1809 Zia
1003 1735 1117 1809 lerum
1144 1733 1304 1833 egregiis

207 1835 383 1910 librorum
416 1841 741 1938 manuscriptorum
771 1841 886 1938 copiis
916 1841 956 1911 in
978 1763 1088 1913 ltalia
1119 1837 1305 1938 conquisi-

207 1941 255 2012 tis
281 1939 466 2014 Theocriti
493 1941 688 2016 editionem
715 1967 855 2041 parere.

310 2065 400 2140 Vale
426 2079 463 2142 et
487 2069 578 2140 milri
601 2067 722 2142 lavere
747 2095 873 2170 perge.

114 2223 121 2242 Ι
249 2265 377 2338 Dabam
396 2267 534 2341 llleldac
556 2272 714 2343 Calendis
735 2273 836 2364 dlajis
857 2301 887 2344 a.
911 2273 1205 2346 tfflccchlu.
