2844 4770
1179 373 1218 422 tx

117 552 321 630 haeccine
359 551 512 628 lectores
545 561 752 628 excusatum
787 551 976 650 volumua3
1026 553 1134 629 iidem
1166 555 1219 629 fa·

117 657 191 734 cile
217 658 439 757 perspicient
461 665 498 730 et
523 655 718 732 clementer
742 656 1000 731 coadunabant
1025 659 1220 733 incommo-

119 761 167 835 da
202 759 377 862 quaedam
411 757 495 834 inde
518 771 617 854 orta,
665 757 764 858 quod
794 771 877 858 poat
906 759 1052 859 longam
1082 787 1221 834 moram

121 863 253 938 invitia
279 859 485 956 obtruaam,
536 887 609 964 quo
635 859 788 935 celerina
813 861 882 936 hoc
906 861 1075 937 volumen
1100 866 1140 937 in
1165 863 1221 938 lu·

120 993 201 1041 cem
229 964 412 1064 prodiret,
460 963 562 1063 prelo
593 967 695 1064 prius
726 966 781 1036 uti
813 989 1066 1063 coeperamus,
1111 993 1219 1067 φιιιιι

123 1081 242 1144 totum
277 1093 368 1167 opua
406 1065 610 1142 obuolutum
644 1077 680 1140 et
717 1065 934 1166 perpolitum
969 1079 1076 1142 esset.
1151 1071 1221 1144 Po·

119 1183 259 1246 anemo
290 1171 421 1244 iterum
455 1195 477 1244 a
507 1169 682 1244 librorum
719 1171 871 1270 penuria
896 1167 1036 1269 aliquid
1071 1197 1221 1246 excuaa·

40 1285 41 1294 ’
118 1275 237 1348 tionia
261 1271 455 1371 petendum
484 1283 559 1369 eet3
613 1271 711 1346 haud
743 1297 899 1371 paucos,
945 1271 1078 1372 quibua
1103 1274 1220 1348 liben-

118 1389 182 1450 ter
212 1401 300 1448 usus
333 1401 474 1468 essem,
521 1401 568 1449 ne
596 1374 853 1475 Gottingenaea
887 1373 1032 1476 quidem
1060 1374 1221 1450 thesauri

119 1477 424 1656 ⁴rprppleditprupt,
458 1481 848 1654 quprnmlqnapnrfnqro
872 1477 1034 1654 Annallqe
1058 1477 1222 1654 ltqatitnti

159 1607 200 1656 rc
227 1605 402 1681 aeoogtcr
436 1606 502 1680 poa
549 1609 583 1655 a.
766 1605 863 1656 ureae
895 1607 985 1654 mrra
1013 1607 1062 1654 un
1105 1608 1131 1654 r.
1157 1607 1222 1682 qur

119 1683 157 1758 le
208 1684 295 1756 rint.

158 1710 205 1784 ge
228 1785 272 1858 ln
289 1784 498 1885 appendice
518 1785 721 1885 Epicharmi
736 1784 1011 1888 Sophroniaque
1038 1787 1220 1888 fragmen·

126 1901 189 1981 ta,
229 1913 320 1988 quae
345 1888 490 1989 quidem
511 1890 672 1988 ipsorum
697 1897 884 1987 pottarnm
908 1889 1018 1964 verba
1041 1888 1124 1988 plus
1147 1891 1222 1962 sin·

122 1989 212 2095 gula
236 1991 486 2086 continerent,
525 1991 669 2093 elinque
695 1990 938 2068 emendatiora
964 1991 1219 2088 exhibuimua3

121 2093 259 2198 quibua
276 2097 545 2171 annotationem
562 2093 684 2196 paullo
706 2093 916 2195 ampliorem
938 2093 1095 2195 adjicere
1115 2121 1221 2194 opor·

121 2199 214 2291 tuit,
260 2198 347 2298 quia
380 2199 501 2272 minua
536 2224 643 2298 quam
689 2199 730 2270 in
764 2199 872 2298 primi
902 2195 988 2270 libri
1022 2197 1222 2299 appendice

123 2297 385 2401 suppetebant,
432 2325 506 2402 quo
532 2299 794 2402 ablegaremua.
872 2299 967 2376 Nam
993 2299 1221 2399 Epicharmo-

122 2430 230 2479 orum
256 2401 423 2478 collectio
448 2403 751 2494 iiruaemaniana‚
786 2401 1082 2501 Sophroneorum
1100 2403 1221 2476 Blom·

122 2505 294 2581 tieldiana
319 2507 359 2578 in
381 2531 578 2605 paucorum
609 2507 776 2578 manibus
808 2515 895 2578 aunt
926 2529 1045 2605 neque
1070 2504 1221 2578 idoneae

124 2635 205 2684 eaae
234 2606 453 2708 videbantur
484 2606 618 2708 quibua
651 2632 718 2706 pro
752 2604 988 2680 fondamento
1021 2615 1218 2681 uteremur.

38 2749 40 2768 ·
123 2711 316 2787 lectiones
341 2709 529 2804 codicum,
556 2736 576 2783 a
603 2711 738 2811 quibua
764 2708 1033 2783 emendationes
1058 2719 1221 2808 receptae

38 2831 41 2869 ¹
124 2816 290 2916 proxime
316 2811 471 2907 abeunt,
510 2814 550 2886 in
577 2813 739 2914 margine
762 2813 842 2886 aine
867 2811 1048 2887 iudicibus
1074 2811 1221 2886 adnota-

39 2945 43 2955 ·
123 2921 266 3014 vimua3
316 2927 486 2990 accentua
518 2917 694 2990 rationem
728 2915 919 3008 Doricam,
970 2915 1008 2988 id
1045 2914 1144 3016 quod
1181 2918 1221 2989 in

38 3011 43 3074 t
124 3020 268 3121 reliquo
293 3017 387 3093 libro
417 3029 668 3119 praeterquam
693 3019 733 3091 in
758 3017 1014 3120 paradigmatis
1040 3045 1113 3094 non
1142 3021 1221 3096 anai

38 3149 44 3182 r
125 3147 309 3216 eramus,x
329 3123 436 3196 tacite
461 3123 718 3196 restituimua.'

38 3242 56 3309 't

38 3326 56 3386 ‘i

38 3421 58 3521 i:

230 3224 275 3298 ln
299 3223 566 3298 Additamentia
586 3223 633 3297 ad
658 3235 851 3324 utrumqne
877 3221 1012 3297 librum
1038 3249 1098 3316 ea,
1128 3250 1221 3324 quac

127 3329 309 3402 latuerant
333 3353 400 3402 noa
425 3353 446 3402 e
471 3325 587 3402 titulis
611 3338 648 3401 et
668 3323 773 3400 libria
796 3325 854 3400 vel
876 3325 963 3399 olim
989 3327 1145 3426 cognitio
1162 3323 1222 3400 rel

125 3455 209 3506 aero
234 3428 374 3524 allatio,
402 3455 477 3504 non
498 3427 662 3504 addenda
686 3431 916 3520 censuimus,
948 3429 1020 3500 niai
1043 3441 1107 3502 ant
1128 3453 1221 3502 nova

38 3549 48 3598 t
124 3532 212 3608 inde
246 3543 462 3632 apparerent
502 3543 567 3606 ant
606 3529 716 3605 dubia
750 3533 866 3632 magio
905 3529 1216 3606 confirmarentur.

38 3657 49 3700 t
125 3635 305 3736 Alioquin
331 3637 428 3709 enim
455 3637 585 3735 ingena
607 3633 768 3709 locorum
791 3659 964 3707 numeros
985 3633 1221 3733 apponendae

38 3726 50 3806 i
124 3739 278 3831 suisset,
329 3739 538 3837 praesertim
573 3763 594 3812 e
625 3737 787 3811 Crameri
818 3733 1088 3810 Anecdotorum
1122 3739 1221 3810 Pari·

38 3862 51 3910 r
125 3841 303 3916 aieneium
334 3839 435 3914 Voti.
461 3839 532 3912 111.
554 3839 610 3914 W
639 3849 677 3914 et
701 3836 956 3914 Choeroboaeo
980 3838 1028 3911 ad
1054 3837 1221 3915 Theodo-

38 3941 51 4014 i
125 3945 173 4018 aii
199 3941 368 4018 Canonea
395 3939 453 4016 ed.
484 3941 677 4036 Gaiat'ord‚
720 3944 785 4043 qui
817 3940 903 4016 libri
938 3953 1020 4040 poet
1054 3967 1221 4044 maguam

38 4069 62 4155 'i

124 4043 239 4146 hujus
262 4043 456 4119 voluminis
484 4057 620 4145 partem
643 4045 843 4120 absolutam
870 4055 906 4118 et
931 4043 1127 4145 typothetia
1149 4057 1222 4119 tra·

38 4141 62 4222 t'*
126 4147 238 4221 ditam
266 4145 313 4222 ad
337 4172 404 4222 noa
435 4161 715 4247 pervenerunt·
754 4147 884 4249 Neque
908 4145 989 4220 fieri
1014 4159 1155 4248 poterat
1181 4159 1223 4220 nt
1303 4239 1307 4248 ,

38 4240 65 4324 d·
126 4250 291 4326 addenda
318 4261 356 4325 et
385 4248 597 4352 corrigenda
629 4250 785 4354 cingulis
816 4251 961 4352 paginis
993 4263 1029 4325 et
1055 4251 1222 4326 eeraibua
