2866 4766
374 340 406 434 l.
429 341 489 420 43.
535 341 593 417 De
611 337 946 438 praepositionibus
1132 343 1207 422 353

113 541 303 612 Boeelrhius
326 546 449 623 συνείκη
472 565 538 610 uon
560 553 648 610 recta
669 543 705 610 in
722 547 875 624 cerasten
887 555 1030 612 mutasse
1045 545 1205 625 videatur,

111 645 200 712 nihil
221 646 411 713 mutendnm
431 669 507 713 esse
529 671 629 737 supra
650 645 823 715 docuimus
844 670 873 714 s.
896 671 929 714 r.
953 652 1022 712 ἵκω.
1044 681 1087 698 -
1113 649 1204 716 Peri.

111 746 211 834 Sulrj.
240 747 401 833 inluypes
427 747 643 831 Archimed.‚
683 770 759 814 narn
790 771 881 816 mero
913 746 1094 840 sphalmrte
1120 751 1207 840 apud

112 849 257 916 eundem
277 849 454 940 aliquoties
476 847 766 938 reduplicationem
788 849 895 918 omitti
910 873 1008 941 supra
1021 849 1207 918 monuimus

111 953 146 1038 §-
170 952 232 1036 35,
254 953 288 1017 2.

200 1054 366 1138 φθαίρω
389 1051 549 1120 Doricum
578 1076 653 1120 esse
680 1051 822 1122 refertur
852 1074 913 1142 pro
935 1057 1059 1140 φθείροι
1080 1054 1147 1122 vid.
1171 1055 1205 1138 ξ.

112 1157 178 1241 22,
203 1155 247 1241 5,
269 1155 351 1220 Aor.
375 1152 409 1220 ll
430 1179 464 1244 p.
490 1157 706 1240 snrcodnpslc
726 1153 847 1244 Epich.
871 1153 924 1227 19.

200 1254 401 1342 (peluso),
430 1254 523 1324 Perl.
549 1257 665 1342 κε’χανα
686 1255 807 1346 Sophr.
831 1255 884 1322 51.

199 1357 292 1444 χέω,
314 1356 396 1424 Aor-
423 1357 439 1424 1
460 1359 567 1446 ἐγχέας
587 1357 708 1450 Epictr.
731 1355 785 1424 61.

201 1467 323 1526 ΧΡΕ.
368 1457 481 1546 liujus
510 1458 623 1548 stirpis
654 1459 734 1539 lraec
766 1457 999 1528 inclinamenta
1027 1461 1135 1530 variae
1164 1467 1207 1532 si·

113 1561 335 1652 gnificationis
356 1560 586 1650 reperientem

200 1665 233 1746 a)
276 1661 359 1750 χρή,
393 1673 584 1752 oportet,
617 1684 714 1752 quam
735 1683 849 1730 vocem
870 1660 913 1728 alr
934 1661 1029 1728 initio
1050 1686 1117 1730 nou
1138 1689 1209 1734 ver·

112 1765 193 1832 lrnm
215 1788 307 1844 esse,
338 1763 398 1830 sed
419 1763 680 1846 substantivum,
713 1763 792 1830 olim
816 1761 986 1832 docuimus
1006 1763 1043 1830 in
1065 1763 1145 1834 diss.
1167 1767 1209 1834 de

113 1866 205 1952 conj.
228 1865 264 1930 in
287 1891 321 1946 ps
348 1889 383 1956 p.
405 1865 469 1948 28,
500 1863 625 1957 legitur
645 1864 765 1956 Epielr.
790 1865 864 1932 122.
890 1864 963 1932 131.
988 1865 1070 1951 133,
1102 1891 1209 1959 neque

114 1967 221 2034 ullum
243 1965 333 2033 alind
357 1966 430 2054 ejus
453 1966 734 2036 inclinameutnm.

200 2064 240 2154 b)
282 2071 413 2158 χρῆσθα
433 2067 579 2136 Aclrsrn.
597 2069 661 2138 744
681 2091 741 2160 pro
761 2066 888 2157 χρῄζεις
907 2067 1030 2136 dictum
1051 2092 1146 2155 esse,
1168 2072 1210 2140 ds

114 2193 181 2262 quo
211 2191 328 2237 vocum
353 2174 434 2260 χρῇς
461 2181 495 2238 et
521 2174 586 2260 χρῇ
613 2193 676 2236 usn
703 2168 898 2237 Dindorlius
926 2169 1011 2238 dixit
1036 2171 1078 2238 ad
1104 2170 1222 2264 Sopho

115 2271 233 2362 Antip.
258 2271 334 2355 887,
363 2271 548 2340 rectissime
571 2271 736 2361 Berglsins
758 2270 923 2338 intellexit
943 2271 1011 2340 vid.
1034 2276 1067 2360 §.
1089 2276 1153 2361 24,
1176 2279 1208 2344 1.

116 2373 244 2442 Eodem
265 2397 366 2442 sensu
386 2373 493 2462 χρῄζω
514 2375 568 2442 vel
589 2374 696 2462 χρήζω
718 2383 897 2463 usurpetur
916 2373 981 2440 vid.
1005 2369 1037 2464 ᾗ.
1059 2377 1121 2460 22,
1143 2379 1176 2444 7.

200 2471 235 2563 e)
278 2477 484 2561 χρῆσθαι,
509 2475 583 2560 nti,
606 2476 641 2541 in
657 2476 710 2542 lris
725 2473 842 2541 formis
854 2474 1033 2564 reperiturs
1056 2476 1208 2567 imperat.

116 2575 268 2664 χρήσθων
292 2575 381 2643 Cret.
404 2575 509 2660 2556,
531 2575 574 2642 65
605 2587 638 2642 et
660 2576 898 2662 καταχρείσθων
919 2575 1029 2642 Rhod.
1052 2577 1149 2662 2525,
1172 2579 1207 2644 lr.

116 2680 178 2766 863
209 2679 274 2745 lnt.
298 2679 445 2764 χρῆσθαι
467 2676 601 2743 Heracl.
626 2675 766 2762 11‚66;
795 2675 918 2742 Partic.
941 2675 1096 2763 χρὴμενος
1117 2679 1207 2748 Cret.

116 2782 224 2865 2554,
246 2781 300 2848 61.
345 2777 449 2844 Vides
480 2775 595 2844 ultima
621 2778 726 2844 torma
754 2787 909 2866 excepte,
942 2801 1028 2869 quac
1056 2777 1091 2846 in
1112 2781 1209 2850 titulo

115 2879 363 2972 corruptissimo
390 2904 505 2971 parum
533 2877 611 2945 fidei
639 2877 757 2964 labet,
788 2879 932 2968 reliquas
959 2905 979 2948 s
1004 2881 1137 2968 χρεόμαι
1164 2883 1209 2950 ita

114 2983 337 3064 descendere,
361 2994 397 3048 ut
420 2980 564 3050 severior
578 2979 681 3048 Doris
704 3006 733 3046 ss
755 2980 789 3046 in
809 3009 826 3060 η
850 2982 1076 3070 conjunxerit,
1098 2985 1210 3053 mitior

115 3087 152 3154 in
174 3111 220 3164 ss,
243 3085 289 3151 cl'.
311 3083 345 3168 §-
368 3083 430 3169 38,
453 3084 485 3150 4.
511 3120 553 3132 -
584 3081 668 3150 Aer.
691 3081 708 3148 l
729 3107 764 3174 p.
787 3082 1008 3170 κατεχρὴσθην
1028 3087 1053 3152 i.
1076 3109 1107 3155 e.
1132 3111 1207 3156 usu

116 3187 278 3256 confici
298 3186 376 3276 plns
397 3185 500 3252 semel
523 3185 682 3273 repetitur
702 3183 738 3251 in
762 3183 897 3275 Corcyr.
923 3187 1018 3256 1845.
1116 3191 1124 3208 ’

202 3290 239 3370 d)
282 3287 445 3373 ἀποχρέω,
470 3285 671 3370 sufficio,
693 3286 813 3376 Epiclr.
832 3289 906 3356 114.

201 3389 356 3458 Deriveta
376 3391 476 3478 hujus
495 3387 615 3456 radicis
636 3387 672 3454 in
693 3387 838 3486 prun·
859 3385 986 3456 Doride
1006 3415 1026 3468 η
1047 3388 1133 3458 tussi
1154 3413 1208 3458 sn·

115 3517 176 3586 pra
197 3492 368 3560 docuimus
388 3493 421 3578 ἕ.
445 3489 508 3574 13,
533 3491 564 3557 3.
746 3497 747 3500 ’

603 3707 637 3794 §-
663 3707 717 3788 ⁴3.-

447 3865 510 3918 lte
529 3863 880 3930 pnapnsrstaatrar.

204 4015 241 4102 1)
284 4013 332 4084 Ut
351 4013 387 4080 iu
400 4011 549 4080 Aeolicis
570 4011 738 4090 dialectis,
757 4010 803 4114 ita
824 4009 860 4076 in
881 4008 1065 4101 antiquiore
1082 4010 1209 4081 llnride

115 4139 286 4209 apocopen
307 4117 476 4206 potiuntur
495 4113 754 4204 praepositiones
775 4111 880 4196 παρά,
914 4111 992 4188 ἀνά,
1015 4113 1113 4192 κατά,
1143 4137 1210 4204 quo

115 4217 246 4287 aceedit
266 4217 427 4288 Doricum
454 4217 527 4282 nort
550 4239 612 4306 pro
638 4215 730 4302 πρός.
784 4215 933 4286 Primum
958 4214 1073 4282 titulos
1100 4215 1209 4306 perlu-

158 4347 204 4414 ll.
967 4341 1009 4408 23
