2742 4794
366 348 376 364 ·
428 337 467 433 §-
496 339 531 414 a
582 341 639 416 ne
664 341 834 421 fananas.
1068 319 1075 340 '
1149 347 1173 426 ⁷

77 543 167 608 aaa
210 541 423 626 anamma
468 545 536 610 1⁷01.
566 548 610 614 11.
649 499 699 613 1²1.
719 505 854 616 ἰνι-
871 549 994 630 evin,
1032 550 1173 638 angust

78 655 228 731 tenpore
243 643 424 732 scriptum,
446 644 539 731 cnjus
561 647 715 714 dialectos
736 649 819 716 nihil
839 653 907 717 lere
929 652 1034 718 dillert
1054 677 1072 718 a
1093 653 1173 717 Les·

80 745 199 826 hincm
222 745 368 833 denique
390 745 521 834 ignotae
542 749 632 814 urhis
652 748 805 818 Aeolicae
827 751 988 818 decretum
1009 751 1050 819 ad
1077 754 1173 818 Lam·

90 869 260 934 mos,
289 845 385 912 uude
412 849 572 915 nonnulla
599 846 799 940 protulerunt
818 853 962 920 lieeuius
990 854 1031 920 ad
1052 854 1174 942 Gre'go·

95 946 168 1012 r'-
204 960 238 1012 ct
273 948 412 1014 Giesins
450 947 492 1014 de
530 949 667 1017 dialecto
695 953 849 1039 Aeolica,
889 955 970 1022 meis
1009 956 1173 1047 precibus,

92 1048 180 1136 ple
198 1073 278 1115 nox
299 1050 338 1115 iu
361 1047 506 1140 Corpore
526 1053 778 1144 Inscriptiouum
798 1056 991 1124 Graecarum
1012 1057 1046 1122 in
1068 1057 1174 1125 lucem

86 1150 254 1239 podilsit,
299 1149 428 1238 insigni
466 1153 661 1218 humanitate
693 1155 848 1224 Boeelaltii
878 1171 911 1225 et
940 1159 1070 1224 Franzii
1098 1182 1173 1226 con·

85 1275 225 1317 emm.
291 1252 427 1318 Titulus
466 1265 540 1320 ante
570 1253 789 1322 Romanorum
821 1258 856 1324 in
887 1259 954 1326 illis
985 1259 1173 1350 regionibus
1282 1293 1286 1304 ¹

85 1351 260 1442 inpmium
294 1353 437 1444 scriptus
469 1354 614 1440 sidetes-3
657 1356 819 1426 interdum
849 1360 960 1450 purior
988 1362 1174 1428 Aeolismus

85 1453 309 1537 tesidmtar,
332 1467 369 1520 ut
387 1458 494 1522 πᾶσαν
513 1456 538 1522 l.
560 1459 581 1524 9
603 1481 661 1546 pro
682 1461 815 1539 πταῖσαν,
837 1461 862 1526 l.
884 1461 928 1530 28
947 1463 1095 1550 ὑπάρχειν
1114 1489 1175 1556 pro

87 1554 229 1640 ὐπᾶρχην
250 1567 335 1627 ete..
363 1555 417 1622 vel
438 1555 592 1624 dialectos
614 1558 763 1626 sibinen
784 1573 927 1646 constat,
956 1575 992 1628 ut
1011 1563 1036 1628 Ι.
1061 1565 1112 1630 16.
1134 1567 1176 1631 22

86 1655 206 1744 legitur
227 1659 262 1721 ἐν
283 1661 327 1740 τῷ
347 1657 453 1742 move,
476 1681 656 1750 quanquam
676 1661 712 1726 in
734 1661 868 1750 reliquis
891 1663 955 1729 iota
975 1665 1073 1730 dativi
1094 1689 1175 1730 sem·

89 1783 146 1847 per
165 1758 348 1842 omittitur,
371 1783 454 1849 quae
473 1759 550 1826 iude
572 1761 762 1852 explicanda
783 1775 875 1842 sunt,
899 1766 986 1854 quod
1005 1765 1176 1856 inscriptio

90 1859 283 1950 hupenci,
317 1860 354 1926 in
373 1859 456 1926 urbe
475 1886 542 1928 uon
562 1864 715 1950 Aeolica,
737 1891 755 1931 a
774 1865 912 1956 lapicida
931 1867 1085 1934 Aeolicae
1107 1867 1176 1936 dia·

88 1961 163 2028 lecti
184 1963 303 2052 ignaro
323 1963 427 2030 ineisa
447 1974 508 2030 est.
529 2002 572 2016 -

7 2101 8 2130 ι
150 2063 186 2144 3)
207 2064 332 2132 Poene
347 2063 475 2146 Lesbii,
497 2066 678 2134 Alcaeus
700 2081 732 2132 et
753 2068 927 2159 Sappho,
949 2069 1084 2138 Aeolica
1104 2071 1127 2136 i.
1143 2094 1173 2136 e.

91 2165 251 2232 laeslsiaea
272 2165 410 2232 dialecto
433 2168 485 2232 usi
506 2169 652 2234 leruntur
665 2175 700 2250 ²)
721 2182 754 2236 et
775 2171 961 2261 saepissime
982 2195 1001 2236 a
1021 2195 1175 2260 gramma-

89 2267 163 2332 ticis
188 2268 264 2354 ejus
292 2279 438 2334 auctores
468 2267 636 2336 habentur.
702 2273 748 2338 Et
775 2274 852 2338 satis
874 2272 1002 2362 quidem
1031 2285 1176 2338 accurate

89 2393 158 2434 cau
179 2381 425 2458 expresserunt,
447 2394 527 2456 non,
550 2385 586 2438 ut
605 2373 719 2439 Dorici
739 2381 853 2465 politae
873 2375 983 2463 lyrici,
1005 2373 1175 2440 dialectum
1199 2417 1204 2430 ·

90 2471 153 2536 sibi
179 2470 247 2561 ipsi
274 2471 440 2538 finxeram
461 2495 479 2538 e
499 2473 596 2540 variis
618 2475 763 2540 dialectis
794 2476 1013 2565 compositam.
1077 2473 1177 2539 lllodo

91 2573 176 2640 nin
196 2583 404 2662 reputemus,
432 2573 474 2638 iu
503 2576 691 2662 fragmentis
712 2575 765 2640 hic
787 2576 857 2640 illic
878 2576 1013 2640 servatis
1033 2573 1176 2663 proprie-

90 2685 185 2744 tatem
206 2673 339 2740 dialecti
360 2672 455 2740 facile
477 2674 597 2760 deleri,
630 2675 842 2765 paucissima,
875 2676 973 2741 immo
999 2675 1089 2740 nulla
1110 2675 1177 2740 lere

88 2777 174 2868 apud
194 2776 274 2842 illos
295 2776 448 2862 leguntur
468 2776 593 2844 diversa
613 2777 655 2843 ab
675 2777 741 2858 iis,
763 2801 845 2868 quae
865 2777 997 2844 aliunde
1018 2776 1176 2842 Lesbiaea

87 2879 190 2944 luisse
211 2889 336 2944 certum
357 2889 416 2944 est.
461 2878 544 2944 Nam
564 2903 607 2948 ne
628 2879 774 2970 deplices
794 2880 944 2970 quidem,
975 2903 1057 2969 quae
1078 2879 1175 2944 inter·

88 2983 164 3048 dun
184 2978 395 3070 reperiuntm
407 2982 460 3062 ³),
494 2981 615 3046 formae
636 2991 712 3046 sunt
733 2991 818 3046 certa
838 2981 956 3076 mixtae
977 2981 1105 3047 dialecti
1126 2980 1175 3044 iu·

89 3082 192 3168 ἅώς
215 3103 314 3169 saepe
335 3079 422 3144 euim
443 3081 479 3146 iu
499 3081 621 3168 linguis
642 3093 675 3147 et
695 3081 841 3148 dialectis
862 3083 959 3149 simul
979 3083 1090 3171 vigent
1111 3083 1176 3146 lor-

89 3209 157 3250 nae
187 3181 354 3273 pleniores
384 3192 417 3248 et
448 3181 632 3266 breviores,
672 3182 884 3249 obsoletiores
916 3195 949 3249 et
978 3185 1173 3267 usitatiores,

91 3309 194 3375 acque
229 3282 350 3348 mirum
382 3283 519 3350 maxime
550 3291 661 3375 politas
692 3284 788 3350 talem
819 3283 951 3374 linguae
983 3285 1107 3375 copiam
1139 3285 1174 3349 in

94 3411 181 3454 uum
202 3409 298 3454 usum
320 3397 505 3452 convertere
516 3431 529 3469 ,
551 3397 587 3451 nt
606 3385 704 3452 iidem
725 3386 901 3475 quantitate
921 3387 1117 3478 syllabarum
1138 3385 1174 3452 in

121 3668 148 3734 ἱ)
180 3661 342 3745 Apellae
364 3669 440 3732 synt.
457 3663 524 3730 2⁷9,
541 3664 584 3718 25.
625 3664 725 3718 loann.
753 3662 804 3718 Gr.
827 3665 893 3730 245,
911 3663 943 3730 b,
974 3661 1061 3732 Greg.
1087 3663 1119 3718 G.
1144 3680 1171 3735 p.

88 3755 116 3808 a
133 3757 177 3822 ll,
203 3749 288 3808 Leid.
310 3749 380 3816 639,
407 3747 523 3802 Meerm.
540 3753 604 3816 643,
623 3750 724 3820 Epigr.
741 3749 771 3804 in
787 3749 893 3806 Scholl.
911 3751 996 3807 Pind.
1015 3767 1043 3821 p.
1062 3753 1093 3819 8,
1111 3751 1145 3806 B.

120 3854 145 3916 3)
177 3851 214 3907 Ut
231 3849 372 3917 aeca'go'et
388 3841 480 3912 πιᾶζω
501 3847 575 3917 apud
595 3847 726 3902 Alcaeum
744 3856 813 3902 teste
830 3845 934 3902 Herod.
952 3865 984 3902 π.
1000 3865 1032 3916 μ.
1049 3843 1073 3902 l.
1090 3847 1137 3916 44,
1154 3851 1172 3904 9

90 3957 118 4028 6.
133 3957 163 4014 tt
177 3963 236 4012 aot.
257 3954 310 4022 1);
329 3965 396 4018 geu.
414 3965 457 4018 ag.
475 3949 547 4006 decl.
565 3951 604 4006 ll.
621 3949 649 4005 in
667 3935 795 4007 {iai}
810 3951 833 4019 ς.
851 3952 900 4018 2⁰,
918 3951 950 4016 ³3
968 3949 1024 4006 dot.
1042 3951 1082 4024 pl.
1099 3949 1170 4004 decl.

86 4061 128 4118 ffl.
143 4063 170 4118 in
188 4047 255 4119 ἦ
269 4039 351 4112 eta-ri
373 4053 398 4120 i.
416 4054 467 4122 tl,
484 4057 517 4122 ὃς
544 4050 660 4123 paulina
677 4063 706 4108 et
720 4049 847 4120 ’Aestiua
872 4055 895 4122 5.
912 4053 963 4122 21,
981 4055 1016 4123 o;
1033 4051 1172 4122 digamma

81 4153 151 4210 moa
175 4153 365 4218 assumptum
394 4139 477 4194 nodo
502 4141 657 4210 neglectum
675 4139 732 4197 vid.
749 4145 773 4213 t.
792 4145 824 4212 5,
840 4143 873 4208 ³3
896 4136 1008 4212 πόθημι
1025 4151 1054 4196 et
1069 4135 1170 4208 ποθὴω

78 4242 96 4312 Ι.
110 4245 152 4315 25,
169 4243 188 4300 ὅ
203 4248 264 4297 etc.
