2872 4780
136 359 166 454 §.
183 358 238 434 17.
267 361 325 434 De
344 357 425 434 aliie
441 357 612 436 brevium
632 357 817 434 venetium
841 361 1114 436 mutationibus.
1157 361 1229 440 123

13 649 14 654 ἵ
138 565 301 650 Κέρκυρα,
337 563 518 655 appellasse
546 563 740 649 Κόρκυρα
771 573 803 628 et
830 563 917 629 tituli
946 565 1039 630 multi
1061 566 1233 632 decentet

135 669 277 752 nummi,
299 667 366 733 vid.
390 665 518 731 Mionn.
542 665 737 755 supptsllt
757 691 791 755 p.
809 667 883 732 428.

218 770 253 851 5)
295 769 435 846 Temere
465 768 505 836 nb
536 768 706 834 Enetethio
740 795 750 830 ι
779 791 838 860 pro
866 793 884 830 υ
912 769 1070 862 Dorjpnm
1099 751 1249 854 dieitur,-

136 872 202 940 vid.
225 872 296 938 L.l
319 873 409 956 512
431 881 499 936 not.
520 871 571 938 10.
625 870 742 959 Neque
763 871 851 934 enim
873 869 1059 960 incorrupte
1080 871 1233 937 videntur

139 978 333 1058 einepbointc
351 994 413 1064 pro
437 977 640 1056 οἶουρνοῖντος
660 972 697 1036 in
719 967 815 1036 tttuto
838 967 1058 1038 Gb'eteedetto
1075 986 1118 1038 vet
1139 979 1233 1055 φιλᾶς

139 1101 198 1168 pro
219 1079 317 1160 φυλιῖς
349 1078 400 1154 (ut
427 1075 542 1164 longus
563 1073 691 1142 voeetee
711 1074 766 1140 bie
787 1089 1040 1141 commemorare
1059 1075 1169 1150 licent)
1196 1077 1233 1141 in

137 1180 367 1269 Agrigentino.
413 1178 670 1244 incertissimum
691 1187 743 1243 eet
762 1203 781 1240 ο
801 1199 870 1266 pro·
884 1201 913 1254 ι,
935 1171 1029 1266 quod
1048 1179 1233 1248 Bneebtrine

137 1283 319 1367 existimet,
352 1281 495 1372 punitum
527 1281 562 1345 in
592 1278 781 1363 ’Ῥιιπάγρῃ
818 1281 981 1344 ‘Ynnuotu
1011 1279 1101 1345 Cret.
1133 1279 1232 1366 2554,

137 1385 210 1453 iffi.
234 1385 309 1469 127,
333 1407 394 1450 neu
415 1384 524 1449 minue
546 1383 582 1448 in
602 1381 774 1469 Ἀρτάμυτι
796 1375 893 1471 Eptt.
919 1379 1012 1450 1172.
1060 1423 1063 1432 ·

219 1513 237 1551 u
257 1506 330 1576 pro
353 1513 370 1553 ο
392 1487 498 1552 estin
521 1485 637 1569 ὄνομα,
659 1486 749 1579 qnod
762 1505 865 1574 quum
880 1482 1014 1550 Lesbiis
1028 1483 1233 1573 potissimum

137 1590 288 1656 astutum
310 1589 373 1674 eit,
395 1589 518 1678 legitur
538 1589 633 1654 etiam
655 1588 690 1653 in
704 1587 816 1652 Aetol.
832 1587 915 1655 1756
935 1597 968 1652 et
981 1586 1098 1676 Epicu.
1122 1587 1164 1657 fr.
1177 1585 1232 1670 27,

137 1693 247 1774 (ὄνομα
269 1715 366 1782 euepe
388 1691 423 1758 in
450 1691 556 1756 titulis
582 1690 833 1768 recentioribus)
863 1711 966 1778 eoque
994 1689 1099 1775 magio
1127 1711 1146 1754 e
1176 1711 1235 1776 ge-

137 1795 235 1861 nuine
259 1791 385 1862 Doride
406 1793 543 1885 petitum
564 1793 705 1878 videtur,
728 1793 817 1882 quod
848 1792 944 1857 etiem
974 1791 1120 1857 Corinna
1146 1789 1235 1856 snt

140 1895 298 1979 ὀνουμὴνω
316 1897 400 1964 utrtt
429 1898 452 1962 i.
476 1919 506 1962 e.
530 1895 701 1979 ὀιομοίοω,
734 1917 796 1962 nee
818 1896 926 1960 minue
948 1893 1113 1960 Pindarus
1136 1889 1234 1976 ὄνομα

140 2008 173 2064 et
192 1999 348 2082 deoperitur,
372 2021 556 2089 qumquem
579 2012 612 2066 et
631 2000 685 2065 bie
707 2012 740 2065 et
757 1998 873 2064 Boeoti
895 1998 929 2062 in
944 1990 1082 2086 reliquie
1096 1995 1233 2064 hesbin·

137 2125 205 2168 erm
226 2127 246 2166 u
268 2125 328 2192 pro
352 2125 368 2166 ο
391 2101 554 2189 ignorent.
592 2105 682 2169 Idem
695 2104 975 2191 Pythagoreorum
995 2118 1075 2167 neue
1097 2097 1231 2165 iridient.

214 2203 312 2271 Mero
332 2226 441 2270 errore
457 2208 576 2271 tectum
590 2213 651 2288 eet,
675 2213 712 2268 ut
725 2204 848 2289 ούρκες,
871 2203 959 2293 quod
975 2209 1025 2268 ent
1038 2201 1234 2268 Loebieenm

136 2329 194 2398 pro
209 2307 327 2390 σάρκες
341 2306 406 2372 vid.
417 2307 485 2374 L.1
499 2308 531 2392 5.
547 2309 599 2391 12,
613 2310 646 2392 3,
668 2307 828 2374 Doricum
838 2307 965 2374 dicetur
975 2304 1170 2388 Et.ltl.708‚
1180 2303 1233 2370 31.
1326 2289 1332 2300 ’

215 2411 255 2493 6)
297 2407 432 2474 Voculie
454 2431 468 2472 e
489 2408 611 2474 ineerta
632 2419 701 2495 eet,
741 2410 770 2475 ei
799 2421 927 2500 epeetue
947 2407 1114 2495 vulgarem
1136 2407 1234 2472 retio-

136 2527 228 2598 ne'm,
266 2512 300 2576 in
331 2511 516 2594 δένδρεον
547 2505 679 2602 Herpel.
713 2521 746 2576 et
768 2511 857 2577 Cret.
881 2511 986 2594 2555,
1021 2507 1232 2593 ἀδελφεός,

134 2615 219 2706 quod
238 2624 346 2681 metro
369 2623 506 2702 cogente
527 2613 711 2680 restitutum
733 2623 783 2678 eet
797 2611 915 2702 Epieb.
933 2613 973 2696 3,
997 2611 1093 2676 ὤεον
1113 2609 1231 2699 Epicu.

135 2717 216 2804 103,
250 2741 336 2808 qnue
360 2727 437 2782 eunt
458 2716 566 2782 omniu
587 2715 706 2782 Doridi
726 2739 792 2782 non
814 2713 969 2806 proprie,
1002 2713 1060 2778 eed
1080 2709 1177 2778 etium
1197 2713 1234 2778 in

135 2819 206 2887 eliis
228 2819 378 2888 dialectis
400 2843 439 2884 ex
470 2818 661 2908 antiquitate
689 2828 825 2884 retente.
878 2817 970 2882 lnter
996 2837 1155 2882 consonae
1184 2815 1234 2880 in·

107 2975 112 2994 .
136 2931 257 2990 eertum
288 2931 344 2986 eut
369 2921 479 3011 potine
508 2931 669 2987 retentum
698 2945 712 2987 e
744 2921 864 2986 babent
884 2921 1087 3006 πέλεθρον
1109 2917 1232 3008 Amph.

136 3025 238 3112 1688,
263 3025 403 3106 πέλεθρα
433 3035 466 3090 et
494 3027 734 3108 τέτραπιλεθρίοι
755 3021 891 3114 Corepr.
915 3023 1000 3091 1840
1021 3021 1092 3094 (sed
1114 3019 1149 3086 in
1171 3023 1234 3087 boe

136 3129 248 3195 eodem
280 3127 378 3192 titulo
408 3130 549 3213 πλέθρα,
582 3129 807 3211 τετραπλεθρὶοι
835 3139 868 3192 et
900 3126 1091 3210 διπλεθρὶα).
1151 3123 1234 3190 ltem

134 3232 256 3298 voeelie
290 3229 396 3296 nddite
427 3231 555 3296 videtur
584 3231 620 3295 in
652 3228 841 3316 τορόνος,
874 3227 1003 3312 πόρνος·
1044 3227 1233 3309 Ταραντῖνοι

136 3333 282 3424 Heeyeb.
337 3331 543 3398 Cretensium
574 3333 800 3421 magistratus,
834 3331 890 3420 qui
912 3329 1011 3419 vulgo
1033 3327 1158 3406 Κόσμοι
1178 3349 1233 3394 vo·

136 3449 251 3501 eantur
272 3457 380 3523 neque
402 3435 497 3500 aliter
518 3435 552 3500 in
574 3436 678 3501 titulis
694 3434 833 3500 Creticis
855 3455 906 3497 nr.
918 3431 1014 3496 2554.
1027 3427 1122 3495 2556.
1136 3429 1231 3496 3048.

135 3537 230 3605 3043.
263 3537 360 3603 3053.
401 3540 444 3602 Α.
475 3537 515 3602 Β.
547 3537 641 3605 3054.
674 3537 768 3604 3055.
799 3533 895 3602 3056.
919 3530 1021 3611 3058,
1053 3528 1234 3611 Κόσμιοο

136 3640 345 3730 eppellentur
365 3638 399 3704 in
421 3663 472 3704 nr.
488 3640 582 3707 3047.
606 3639 701 3707 3050.
725 3639 821 3706 3051.
845 3633 939 3703 3052.
963 3631 1046 3700 3057
1068 3642 1101 3697 et
1122 3632 1162 3700 in.
1177 3657 1250 3698 οη..

135 3741 333 3833 tiqnioribue
357 3739 527 3807 Strabonis
549 3743 746 3808 editionibus
768 3740 802 3806 X
823 3765 857 3829 p.
874 3737 950 3804 738.
966 3735 1039 3802 741.

220 3845 299 3928 Quo
316 3845 392 3932 jure
411 3843 590 3910 Dorienses
611 3845 769 3935 ancipites
789 3839 968 3932 producere
990 3837 1174 3919 trudentur,
1197 3850 1234 3906 ut

136 3946 205 4024 ι”οος
229 3971 290 4037 pro
311 3949 380 4022 ἴσος
395 3949 441 4026 ⁴),
464 3971 530 4012 nou
552 3959 697 4038 apparet.

170 4055 428 4150 ιῖἱοῖοιῖῗιῖι,
450 4087 499 4150 n,
528 4083 572 4142 ln.
594 4083 627 4138 o.
644 4085 712 4149 nen,
732 4087 780 4150 tn,
810 4083 882 4136 ο...
906 4081 981 4134 oxx.
1007 4077 1037 4145 ι,
1056 4077 1120 4145 nn,
1139 4079 1172 4132 ιο
1197 4077 1231 4131 ιο

137 4159 202 4228 inor:
238 4171 298 4229 ἴσως
323 4168 337 4222 ὅ
356 4171 466 4240 ποιητής
484 4171 645 4236 (Homerus)
664 4173 783 4244 Δωρικῶς
801 4171 902 4222 terrim
917 4165 947 4219 τό
966 4167 1093 4235 δίχρονον.
1136 4165 1161 4220 J.
1180 4167 1231 4221 Gt.

138 4259 205 4326 242,
223 4257 258 4324 b,
280 4259 328 4311 Gr.
347 4259 377 4314 G.
396 4263 456 4315 ³⁰2.
483 4259 510 4311 at
528 4258 641 4319 terrione
657 4265 710 4312 τῶν
726 4257 850 4334 διχρόνων
867 4256 997 4321 οτοιχιίιιν
1012 4254 1084 4306 ἴδιαι.
