2862 4770
229 329 307 406 206
633 335 689 408 De
718 333 934 410 vooulibusa

163 531 165 535 ’
230 534 364 603 Deinde
402 536 514 604 erdem
545 535 686 624 genitivi
722 536 824 603 forme
856 549 907 603 est
940 535 1027 627 opud
1059 537 1330 607 Timomeonten

231 637 396 704 Rhodium
427 649 461 704 et
487 637 522 704 in
547 639 814 723 Chelidonium,
848 663 908 705 nee
929 640 1038 706 minus
1059 637 1266 729 Megarensis
1289 667 1329 708 en

230 741 334 807 utitur
354 741 390 805 iu
412 741 703 822 Acharneuribus,
726 741 793 806 nisi
815 741 903 830 qnod
925 763 955 806 v.
978 743 1053 809 764.
1078 743 1142 810 800
1163 744 1198 810 in
1221 745 1329 810 omni·

230 845 295 909 bne
316 841 411 908 libris
432 846 477 906 mi
497 842 616 922 πατρός
637 865 710 909 esse
732 843 861 910 videtur
881 855 913 908 et
927 867 958 908 v.
974 843 1038 910 709
1059 867 1100 909 ex
1124 867 1190 910 uuo
1212 847 1328 934 pejore

231 943 343 1014 codiee
365 949 398 1009 A
419 949 498 1025 λιμῶ,
517 957 682 1034 receptum
704 955 755 1010 est
785 947 834 1022 (in
857 945 1045 1033 nuperrime
1067 947 1211 1014 editione
1233 947 1328 1016 Oxo·

230 1045 339 1114 niensi
361 1043 554 1112 Dindorflns
586 1047 681 1112 etism
710 1047 803 1136 pium
833 1047 908 1133 ejus
935 1049 1066 1134 generis
1101 1049 1185 1116 mule
1207 1073 1226 1114 e
1248 1073 1325 1116 eon·

112 1209 116 1224 ,
227 1151 357 1237 jectum
389 1145 517 1236 edidit).
574 1150 614 1214 ln
642 1148 774 1214 foedere
796 1149 998 1239 Argivorum
1029 1161 1061 1216 et
1090 1147 1325 1240 Spartanorum

230 1249 450 1339 Thucydid,
474 1251 535 1334 79,
571 1249 659 1339 quod
690 1251 851 1316 mitiorem
875 1249 1032 1316 Doridem
1055 1253 1178 1318 referre
1199 1252 1325 1320 indier·
1403 1311 1404 1334 ,

231 1355 358 1438 rimus,
381 1363 469 1420 reete
492 1351 606 1442 Poppo
628 1347 790 1418 librorum
807 1351 964 1420 lentiores
981 1353 1222 1420 Πελοποννάσου
1241 1356 1324 1435 (bis)
1403 1365 1404 1432 1

231 1469 264 1524 et
284 1456 380 1522 ἄλλου
400 1453 549 1521 seruerit.
602 1451 704 1520 Reete
726 1454 821 1520 etium
845 1453 879 1518 iu
900 1453 1031 1521 detieiis
1054 1455 1204 1545 epistoiis
1227 1456 1324 1523 Cieo-
1403 1519 1404 1524 ,

231 1559 304 1626 buli
325 1557 440 1624 Lindii
463 1565 495 1622 et
515 1555 686 1622 Periandri
706 1555 869 1622 Corinthii
891 1557 1036 1645 vulgaris
1061 1557 1198 1645 genitivi
1219 1559 1324 1624 formu

233 1661 353 1752 seripte
374 1667 435 1726 est.

256 1805 260 1814 ι
315 1763 351 1844 b)
392 1759 540 1829 Genitiri
580 1760 693 1828 tertiae
731 1757 959 1828 declinationis
991 1759 1026 1826 in
1059 1786 1113 1836 ους
1144 1761 1320 1851 ieguutnrr

232 1867 367 1942 Κλεοῦς,
392 1863 563 1948 Ἀριοτοῦς
583 1863 705 1952 ΒοΙρΙι.
730 1863 824 1946 1705,
848 1887 876 1926 e.
892 1863 934 1946 b,
958 1869 1124 1948 Συρακοῦς
1146 1887 1162 1927 r
1184 1863 1321 1946 Συρακώ

231 1965 351 2056 Epist.
376 1963 456 2049 166,
492 1963 568 2040 rimie
595 1965 796 2053 Epielr282.
854 1965 892 2029 ln
921 1966 1027 2032 titulis
1057 1963 1253 2057 quibusdem
1281 1965 1323 2032 ed

231 2067 391 2134 mitiorem
420 2065 577 2132 Doridem
608 2065 872 2155 pertinentibus,
917 2067 975 2132 sed
1009 2067 1102 2133 vaide
1134 2067 1322 2134 recentibus

232 2165 369 2257 genitivi
390 2167 424 2233 in
448 2195 490 2244 ur
512 2177 667 2235 exeuntes
689 2166 917 2256 reperiuntur,
951 2181 987 2233 nt
1007 2175 1204 2248 Καλλιουοῖς,
1240 2193 1322 2260 quse

231 2294 328 2362 quem
349 2271 508 2337 rationem
529 2269 647 2336 bebere
669 2269 861 2352 videantur,
894 2269 978 2336 inire
999 2271 1032 2354 ἕ.
1056 2271 1117 2354 30,
1141 2273 1162 2339 8
1182 2274 1321 2362 explice-

230 2373 350 2440 bimus.

317 2480 349 2557 e)
391 2475 430 2541 ln
459 2473 689 2564 conjugatione
720 2485 883 2542 contrecta
903 2475 1069 2563 vulgarem
1091 2475 1251 2542 rationem
1273 2499 1320 2541 se·

232 2589 377 2671 qunntur
399 2579 497 2643 haee:
538 2577 651 2643 Herm.
676 2577 758 2646 1193
782 2575 979 2654 ἆυυυεοῦται,
1012 2579 1122 2642 Aetoi.
1147 2579 1233 2646 3946
1254 2577 1321 2642 riur-

231 2687 354 2749 υεοῦυτο
377 2691 410 2746 et
433 2679 555 2757 ἄξιόυυ,
579 2679 698 2770 Amph.
726 2675 807 2747 1688
829 2677 1036 2760 Censorinum,
1060 2677 1169 2746 tttrot.
1186 2681 1285 2762 2525,
1299 2679 1332 2744 lr'

233 2781 467 2866 πεφανούυτω,
503 2781 651 2870 Calymn.
676 2782 757 2848 2671
791 2781 967 2862 ἀξιοῦντες,
1003 2779 1104 2846 Ther.
1129 2783 1226 2850 2448.
1260 2781 1320 2863 Vl,

231 2886 273 2952 36
292 2884 535 2964 ’ἀποκυροῦτοιι,
576 2884 711 2972 Corcyr.
738 2883 818 2950 1845
841 2883 1035 2963 μισθουμένου
1063 2895 1096 2947 et
1115 2881 1319 2964 μισθούσθω,

232 2989 377 3052 Aehrrn.
400 2985 463 3050 752
485 2987 724 3068 δελφακουμένα.
770 2983 948 3050 Adverssri
969 2983 1098 3050 ridetur
1117 2992 1274 3070 prensyde
1293 3009 1340 3049 ου’

232 3093 282 3168 (ολ
303 3087 505 3153 correximus
527 3111 586 3178 pro
607 3092 804 3172 nourryoim)
833 3085 951 3176 Epioir.
978 3087 1019 3153 19
1048 3097 1080 3150 et
1102 3085 1186 3163 ἔδοξε
1211 3113 1320 3171 oreque

231 3195 310 3254 υῶυ·
347 3191 459 3273 αἱρέθη
487 3189 606 3278 Astyp.
630 3189 733 3268 2483,
771 3189 858 3278 quod
888 3211 954 3253 uon
976 3187 1114 3258 tenete
1135 3187 1320 3256 Berekbins

231 3293 266 3357 'tn
290 3297 507 3376 στεφανῶσαι·
537 3294 639 3381 ᾑρέθη
669 3304 816 3368 mutare,
859 3292 903 3356 ei.
932 3289 964 3374 ξ.
990 3291 1050 3374 19,
1071 3293 1103 3358 2.
1127 3291 1162 3356 b.
1218 3293 1265 3356 At
1291 3291 1321 3357 si

231 3417 399 3485 eompnres
431 3399 569 3478 οτεφαυῷ
596 3394 631 3460 iu
655 3393 805 3484 Astypui.
829 3392 924 3460 2483.
947 3393 1050 3470 2484,
1084 3385 1173 3482 qnod
1194 3393 1319 3460 Borei-

231 3497 308 3564 lrins
328 3499 364 3563 iu
386 3500 519 3589 vulgare
554 3497 703 3578 στεφανοῖ
729 3495 880 3573 mutarit,
917 3505 949 3559 et
978 3494 1013 3558 iu
1043 3493 1235 3578 (iriensium
1258 3497 1319 3561 de·

231 3611 336 3684 creto,
368 3601 507 3666 eundem
535 3599 658 3665 vocetis
689 3625 713 3661 m
744 3621 884 3664 umorem
913 3596 948 3660 in
978 3597 1030 3661 hie
1052 3619 1230 3694 agnosces,
1263 3597 1320 3688 qni

214 3704 435 3792 'conspicitur
468 3702 562 3782 etiem
595 3703 628 3766 in
663 3703 783 3768 Atticis
820 3703 911 3784 ῥιγῷ,
954 3699 1166 3782 durnin-vid.
1198 3701 1319 3766 fluum·

230 3801 290 3868 Gr.
314 3805 373 3870 Gr.
406 3807 437 3888 §.
465 3805 525 3872 165
555 3816 622 3870 not.
648 3805 699 3870 16.
756 3803 831 3869 Non
853 3801 1010 3868 sudemus
1028 3813 1119 3898 perte
1140 3803 1319 3894 quidquem

230 3916 366 3970 mutere.

315 4010 350 4086 d)
393 4007 581 4098 Composita
605 4031 641 4073 ou
662 4005 818 4096 praeirent
840 4008 936 4072 heere
960 4009 1162 4093 Δομουχλδας
1183 4007 1317 4095 Coreyr.

233 4109 333 4194 1859,
358 4110 545 4193 δημιουργός
566 4109 679 4175 Herm.
706 4109 809 4186 1193,
833 4111 1001 4195 λιθουργός
1023 4111 1126 4176 Phoe·
1145 4107 1317 4192 7111056,

229 4213 398 4294 λειτουργία
427 4213 527 4304 Tirer.
560 4212 655 4279 2448.
691 4210 753 4294 lv,
775 4211 828 4278 28.
852 4212 913 4296 31,
945 4211 1143 4303 quibuscum
1173 4209 1319 4300 equiem
