2862 4770
389 290 423 384 §.
451 293 514 371 29.
565 295 622 368 De
648 293 887 374 declinatione
911 299 957 373 ll.
1142 305 1219 380 227

120 493 164 562 de
192 505 330 562 accentu
357 495 391 580 δ.
414 497 458 580 3,
483 497 514 564 5.
559 499 732 568 Postremo
752 525 827 595 pars
850 502 1059 573 Cretensium
1079 520 1112 576 et
1132 511 1215 576 ruti-

118 598 273 688 quiores,
298 610 334 664 ut
350 599 499 683 ridetur,
521 601 639 690 Argivi
661 603 809 690 ejusdem
831 607 1086 674 vetustissimam
1107 614 1216 680 termi-

116 701 285 786 nationem
320 727 373 777 ους
402 702 623 788 retinuerant,
668 705 736 770 vid.
766 706 798 789 ἓ.
823 708 884 791 14,
915 711 946 776 1.
1010 710 1125 801 ltaque
1153 715 1216 780 lnce

117 802 328 892 paradigma,
367 805 456 871 unde
485 817 673 872 neutrorum
704 829 836 898 qunque
864 797 1022 879 rationem
1046 813 1143 882 laeile
1164 815 1214 882 in·

117 904 270 994 telliges,
294 904 447 972 Doricam
471 907 723 976 declinationem
744 909 864 978 relerts

263 1091 522 1182 Singularis.
833 1097 1041 1168 Pluralie.

117 1209 216 1276 Nom.
248 1217 341 1288 ἵππος
667 1223 756 1280 ἵππου

117 1312 205 1378 Gen.
248 1321 362 1392 ἵππου,
386 1322 469 1382 ἵππω
667 1323 768 1382 ἵππων

117 1415 195 1480 Dat.
245 1423 327 1498 ἵππῳ
667 1425 773 1494 ἵπποις

117 1517 199 1582 Aee.
245 1524 339 1583 ἵππου
666 1525 796 1596 ἵππους,
820 1526 939 1597 ἵππους,
965 1527 1075 1599 ἵππος,
1103 1528 1213 1599 ἵππους

116 1617 200 1686 Voe.
244 1626 315 1684 ἵππε
669 1660 708 1671 -

201 1827 237 1904 2)
280 1825 389 1890 Pauca
417 1833 583 1914 praeterea
610 1822 794 1892 adnotanda
821 1837 908 1892 sunt.
955 1825 994 1892 ln
1016 1826 1124 1894 dativo
1146 1827 1210 1894 sin·

118 1925 228 2017 galeri
250 1950 416 2018 nunquam
437 1925 502 1992 iota
526 1925 746 2018 subscriptum
770 1929 951 2019 negligitur
980 1927 1046 1996 uisi
1075 1953 1134 2020 per
1160 1954 1212 1996 er-

115 2051 245 2111 rorem,
280 2043 316 2095 ut
337 2029 440 2096 Ther.
463 2029 560 2097 2448.
593 2029 640 2112 V,
662 2029 724 2114 30,
756 2041 813 2096 rut
842 2031 875 2096 in
900 2031 1004 2097 titulis
1025 2032 1211 2100 recentissi-

116 2131 191 2197 mis.
237 2131 277 2196 lu
304 2131 434 2200 Cretico
456 2131 552 2200 titulo
573 2153 624 2198 nr.
640 2131 740 2216 2556,
760 2131 793 2198 d.
816 2133 858 2200 39
877 2156 936 2222 pre
957 2131 1066 2200 dativo
1088 2134 1212 2226 legitur

114 2233 271 2326 antiquus
292 2235 452 2302 locativus
476 2236 507 2300 ἐν
532 2236 741 2320 Ilpscvoroia
766 2234 942 2320 Hptcncsde
963 2245 1000 2302 ut
1022 2238 1122 2316 οἵκυι,
1147 2236 1212 2304 'Io-

113 2338 195 2417 ομοῖ
215 2335 255 2401 sb
279 2335 365 2411 οἶκος
386 2349 420 2402 et
438 2335 590 2417 Ἰσθμός,
614 2337 672 2401 sed
692 2336 746 2402 ltie
766 2337 1008 2404 memorabilem
1030 2338 1063 2404 iu
1081 2339 1210 2404 modurn

25 2487 26 2492 η
112 2437 308 2504 etiamnum
337 2438 580 2526 praepositione
606 2437 756 2524 junctus.
812 2437 938 2506 Confer
958 2442 990 2504 ἐν
1010 2439 1139 2522 Ἰσθμοῖ
1158 2441 1210 2506 st-

25 2515 32 2576 l
113 2540 240 2608 monid.
265 2542 307 2606 lr.
322 2541 386 2610 200
403 2539 529 2621 Solum,
551 2540 641 2631 quod
660 2537 846 2605 llleineltius
869 2539 904 2604 in
925 2541 1054 2607 Delcet.
1072 2543 1208 2608 Antlrol.

114 2669 151 2734 p.
178 2643 239 2712 480
262 2667 326 2708 uon
349 2641 489 2708 debehat
511 2642 545 2708 iu
569 2643 600 2706 lv
620 2639 740 2723 Ἰσθμῷ
760 2651 895 2706 mutare.
923 2681 964 2694 -
1007 2642 1119 2709 Detiri
1138 2644 1210 2734 plu·

113 2746 195 2812 ralis
215 2745 348 2833 longior
370 2745 473 2810 l'orrnn
504 2767 601 2833 saepe
630 2744 716 2834 apud
738 2743 967 2832 Epicharmum
996 2745 1139 2834 legitur,
1175 2757 1211 2812 ut

114 2849 156 2914 l'r.
181 2849 224 2916 24
243 2849 422 2931 ynnloictv,
455 2843 497 2912 35
517 2845 675 2925 τούτοισι,
708 2847 748 2912 71
772 2844 970 2930 Ἀχαῖυισιυ,
992 2847 1035 2914 97
1057 2846 1209 2932 αὐτοῖσιν,

110 2950 156 3017 98
185 2950 324 3036 λόγοισι,
360 2949 437 3016 item
468 2947 609 3038 Lysistr.
641 2949 723 3016 1180
750 2950 833 3013 τοῖσι
855 2983 892 2996 -
920 2949 1038 3029 ἁμοῖσι.
1093 2949 1210 3040 ltaque

110 3051 332 3142 antiquiorem
347 3049 506 3118 Doridem
521 3075 587 3116 non
605 3050 714 3116 minus
728 3075 824 3140 quam
840 3051 1009 3119 Atthidem
1029 3051 1209 3145 pleniorem

110 3155 250 3222 formam
273 3155 447 3222 admisisse
469 3165 644 3244 putamus,
679 3175 785 3242 neque
814 3153 900 3218 euim
924 3153 1138 3244 Epielrarmus
1167 3177 1209 3220 ex

110 3257 205 3347 epiea
228 3256 342 3344 lingua
364 3257 541 3348 quidquam
564 3256 781 3346 assumpsisse
802 3255 943 3320 videtur.

160 3411 163 3418 .
197 3359 328 3442 Attica,
358 3383 442 3449 quae
473 3371 621 3442 voretur,
657 3357 833 3426 declinatio
862 3357 898 3422 in
920 3355 1132 3424 substantivis
1153 3378 1208 3444 ap·

112 3459 280 3550 pelletivis
302 3472 334 3529 el
355 3463 390 3526 in
413 3460 584 3548 adjectivis
607 3485 624 3524 a
647 3458 771 3526 Doride
793 3459 900 3526 aliena
922 3471 983 3524 est.
1038 3457 1131 3541 Quae
1152 3480 1207 3524 vo·

113 3585 167 3630 ees
190 3585 259 3627 earn
283 3564 377 3652 sequi
399 3565 524 3646 solent,
555 3563 640 3652 apud
664 3561 844 3628 Dorienses
866 3561 1088 3650 reliquorum,
1123 3581 1207 3648 quse

113 3665 274 3732 secundae
310 3663 521 3732 declinationi
555 3663 795 3754 obtemperant,
841 3663 1085 3730 terminationes
1117 3661 1207 3726 exlri·

113 3765 206 3844 lent,
251 3779 307 3833 eut
335 3767 409 3834 aliis
444 3768 542 3834 sitnnl
576 3767 675 3835 rebus
707 3767 873 3848 dive'rsae,
915 3777 952 3830 ut
981 3763 1073 3843 lade,
1118 3763 1204 3839 vnde,

115 3867 263 3952 deciperes
286 3893 345 3958 pro
368 3871 461 3948 leole,
485 3869 580 3946 eruic,
606 3865 745 3950 ἀνώγεων
766 3867 847 3949 (vid.
863 3866 893 3948 §.
908 3868 963 3949 22,
981 3867 1035 3949 5),
1059 3876 1116 3930 aut
1137 3865 1207 3930 sola

115 3972 359 4054 terminatione,
393 3985 429 4036 ut
451 3971 543 4054 λαγός
565 3971 599 4034 in
623 3969 799 4034 llelotibus
827 3967 930 4054 (inter
951 3967 1115 4033 Laconica
1138 3965 1206 4054 opi-

117 4077 185 4154 nor)
217 4075 395 4140 seeundum
425 4075 549 4138 Athen.
573 4073 642 4154 lX,
665 4073 738 4140 400.
765 4070 813 4152 C,
843 4073 931 4154 layci
952 4069 1071 4158 Epielr.
1097 4065 1138 4132 36
1167 4066 1207 4129 ab

116 4171 223 4242 Attico
257 4177 376 4262 λαγώς,
422 4175 610 4262 γλυκύκρεον
638 4173 756 4264 Soplrr.
789 4173 854 4254 54,
899 4171 1075 4256 ἀξιοχρέοις
1105 4167 1205 4234 Ther.

948 4300 1005 4364 ts·
