2872 4780
243 363 317 442 lot
652 366 709 438 De
732 362 928 459 vocalibus.

246 574 359 640 lierni.
404 573 577 640 Prseteree
596 571 788 638 Bucolicum
808 575 903 637 ullos
932 569 973 638 C.
998 572 1026 638 1.
1058 595 1109 638 nr.
1133 567 1266 656 156⁹,s
1296 581 1345 638 te·

247 685 373 760 stetur,
412 675 509 744 etiem
540 674 734 742 severiorem
764 673 923 740 Doridem
949 677 1061 739 utrius
1088 697 1155 740 non
1183 685 1342 740 mutuose.

249 777 341 862 Quid
362 777 452 868 qnod
481 777 592 844 erdem
618 775 724 854 πλήων
751 787 784 842 et
811 773 898 856 μήων
927 775 1139 843 sPriscisno
1162 779 1202 854 1θ)
1232 774 1345 842 Attice

248 879 302 946 vel
322 877 434 951 Ionios
455 903 530 947 esse
551 879 766 946 referuntur‘l

332 1004 448 1096 Neque
470 1007 578 1074 minor
600 1006 758 1073 dubitatio
782 1005 823 1072 de
843 1003 982 1095 reliquis
1003 1017 1054 1071 est
1070 1005 1222 1094 quamde
1239 1003 1346 1084 πλῆυν

251 1123 284 1176 et
304 1109 401 1191 μήων.
448 1109 566 1175 Omnis
588 1111 660 1198 ejus
683 1109 814 1199 generis
843 1119 938 1187 snut,
973 1132 1056 1198 quse
1086 1106 1232 1173 vocnlem
1261 1119 1278 1167 r
1305 1107 1345 1174 sb

251 1211 379 1303 origine
398 1209 583 1302 postulent,
606 1223 643 1277 ut
663 1211 766 1296 ὄρειος
789 1235 829 1276 ex
846 1209 952 1294 o'pri'oc
966 1221 1076 1275 netum
1092 1196 1164 1294 est,
1186 1209 1347 1276 feminine

250 1313 510 1382 terminationem
533 1339 584 1392 ια,
619 1311 827 1402 compnrctivi
850 1339 907 1377 ιων
930 1311 1093 1404 proprium
1113 1311 1256 1396 hubent,
1289 1335 1346 1378 nc·

252 1439 316 1509 que
337 1415 406 1482 ulls
427 1416 565 1481 certiore
586 1416 711 1483 rstione
734 1414 854 1482 voculis
874 1443 893 1493 η
916 1414 952 1480 in
974 1415 1042 1481 illis
1064 1426 1257 1496 excusetur,
1278 1413 1347 1480 nisi

252 1517 479 1586 Alcmeuicnnr
513 1515 707 1602 Πασιχάρηα
733 1515 777 1582 its
808 1516 984 1584 defendere
1015 1515 1121 1601 velie,
1156 1529 1193 1583 ut
1224 1517 1347 1584 rectius

253 1623 320 1688 iotc
351 1618 515 1686 subscribi
547 1617 726 1684 contendes
756 1619 854 1685 sicuti
886 1619 920 1684 in
950 1617 1113 1686 Lesbiaco
1141 1621 1347 1706 Konpoyr'rpoe

253 1722 321 1791 vid.
345 1721 387 1788 L.
411 1721 426 1787 1
455 1721 487 1805 ᾗ.
513 1722 572 1799 14,
594 1721 626 1788 3.
671 1717 802 1787 Deinde
823 1719 905 1786 nibil
926 1721 999 1808 ejus
1021 1721 1151 1812 pencris
1172 1721 1206 1786 io
1229 1719 1349 1788 melio-

255 1827 348 1892 ribus
369 1823 517 1890 fontibus
539 1823 721 1916 reperitur3
754 1847 829 1888 nero
851 1821 936 1889 nibil
956 1821 1157 1890 auctoritatis
1180 1835 1228 1890 est
1249 1823 1285 1888 in
1309 1821 1348 1890 li-

255 1927 326 1994 bris
348 1925 499 2016 scriptis,
533 1949 635 2018 quum
657 1949 685 1989 ει
706 1933 739 1992 et
760 1953 779 2004 η
803 1925 997 2014 ssepissirne
1017 1935 1242 2016 permutentur
1273 1937 1350 2008 tuo-

255 2033 318 2114 χῆα
347 2026 465 2116 Epicb.
489 2027 532 2093 82
564 2025 660 2092 etism
688 2027 765 2092 eliis
803 2027 843 2092 de
874 2027 983 2094 clusis
1016 2039 1205 2118 corruptum
1236 2026 1349 2094 baberi

256 2127 409 2218 oportet).
463 2127 688 2217 Reperiuntor
715 2127 835 2193 similis
865 2127 900 2194 in
929 2129 1036 2197 titulis
1063 2129 1194 2196 inlimse
1222 2127 1348 2214 netstis,

200 2247 205 2260 ·
256 2231 291 2296 iu
314 2229 407 2296 nullo
429 2228 536 2317 magis
557 2251 653 2318 qoem
682 2227 717 2293 in
737 2227 897 2318 Byzantio
924 2255 976 2298 nr.
998 2231 1104 2316 2060,
1139 2231 1198 2322 qui
1220 2243 1271 2298 est
1291 2231 1349 2298 Ti·

257 2331 343 2399 berii
371 2332 424 2398 vel
452 2329 623 2422 Caligulse
650 2341 753 2398 estote
784 2331 936 2423 scriptus.
991 2333 1042 2401 lbi
1069 2333 1172 2400 bobes
1200 2333 1347 2412 πλὴονας,

256 2434 376 2522 ppido,
400 2431 584 2512 dusrddnoc,
609 2431 812 2514 ἇσαμὴωτος,
835 2457 920 2526 quse
941 2448 1018 2502 sont
1036 2437 1144 2504 omlis
1166 2459 1184 2503 s
1207 2435 1349 2528 pennino

258 2536 383 2604 Doride
404 2535 511 2601 eliens
534 2559 600 2602 non
621 2535 731 2603 minos
764 2561 862 2627 quem
884 2539 1074 2618 ἕπαινῆσθαι
1094 2563 1113 2606 s
1135 2539 1265 2606 mitiore
1285 2537 1349 2628 By-

257 2639 436 2708 zantiorum
453 2637 588 2706 Doride.
633 2637 750 2706 Dicam
772 2641 874 2730 igitur
894 2639 983 2730 quod
1004 2641 1121 2709 sentio.
1166 2639 1243 2707 Nisi
1256 2642 1350 2710 vebc·

259 2753 385 2808 menter
406 2741 518 2818 iellor,
541 2741 739 2808 recentiores
762 2740 963 2830 grommstici
985 2753 1017 2808 et
1037 2743 1130 2835 ipse,
1150 2753 1186 2809 ut
1207 2741 1349 2827 videtur,

258 2842 464 2908 Derodirnus
485 2842 728 2910 recentissimae
750 2841 893 2909 Doridis·
908 2867 1029 2910 morem
1053 2835 1273 2937 opectsrnnt,¹
1293 2844 1350 2936 qui

257 2943 299 3008 sb
315 2941 475 3007 Alcmene
496 2954 529 3008 ct
549 2947 682 3010 omnino
703 2943 744 3009 sb
759 2945 899 3038 'notique
919 2957 952 3012 et
973 2947 1117 3039 genuine
1131 2947 1259 3016 Doride
1274 2947 1350 3016 ulic-

256 3043 414 3110 nissimus
436 3053 497 3108 eet.

342 3171 478 3240 Rectius
509 3172 552 3238 sd
580 3175 664 3242 broc
692 3178 861 3244 referendo
890 3201 963 3246 esse
993 3177 1145 3248 videntur
1171 3184 1219 3260 πῆ
1237 3191 1271 3248 et
1288 3179 1351 3248 siis

257 3276 331 3364 ejus
353 3273 484 3366 pencris
507 3275 659 3344 adverbis
687 3278 753 3345 loci
774 3279 810 3344 in
840 3280 1002 3348 severiore
1022 3281 1167 3364 Doride,
1200 3305 1262 3374 pro
1288 3283 1348 3360 uei,

257 3376 346 3470 qnod
368 3388 419 3444 cst
440 3378 475 3442 in
498 3377 649 3463 mitiore,
678 3380 761 3447 vid.'
777 3385 808 3467 β.
830 3383 892 3468 dd,
915 3384 955 3469 23
988 3383 1108 3450 deinde
1132 3383 1349 3452 Terentinum

258 3480 311 3558 αἰή
334 3503 393 3570 pro
416 3481 491 3560 αἰεὶ,
528 3480 596 3546 rid.
620 3481 650 3567 ἕ.
674 3483 727 3563 45,
752 3486 793 3569 13
831 3498 995 3574 postremo
1018 3479 1081 3571 oie,
1115 3484 1234 3566 uictor,
1265 3509 1349 3576 quse

258 3581 334 3648 item
366 3580 539 3649 severioris
565 3582 701 3652 Doridis
734 3609 808 3654 esse
842 3586 994 3655 videntur
1022 3613 1082 3679 pro
1113 3583 1187 3670 οὖς,
1222 3585 1347 3666 οὔατος,

256 3683 324 3752 vid.
349 3685 379 3768 ἓ.
402 3684 455 3752 31.
521 3681 654 3754 Certum
681 3699 732 3755 est
760 3687 796 3756 in
825 3689 878 3756 bis
901 3689 940 3757 de
961 3689 1177 3782 productione
1197 3689 1252 3758 vel
1272 3713 1349 3758 con·

292 3991 336 4052 16)
371 3989 510 4048 Priscisu.
530 3995 596 4052 Vol.
616 3995 630 4050 1
654 4013 682 4068 p.
699 3997 733 4052 87
750 3995 818 4052 tter
846 3995 938 4065 „benc
962 4013 1030 4052 vero
1047 3997 1228 4056 montionem
1253 4000 1289 4057 ei
1305 4001 1349 4058 ti·
