2834 4762
214 319 294 398 ·198
544 323 601 396 De
626 319 778 398 dialecto
805 323 986 398 Boeotios.

220 528 291 607 est)
312 527 403 618 prius
423 526 589 610 adhiberi,
625 477 721 617 quam
749 527 885 618 antiquo
906 526 1061 594 Boeotico
1095 553 1176 598 suno
1199 551 1236 596 se
1258 529 1312 598 ah·

163 673 167 688 ·
193 689 196 698 .
221 629 363 696 dicasset
384 641 416 696 et
436 637 472 696 δῦ
491 653 552 719 pro
574 641 591 692 ῦ
611 629 714 696 scribi
735 641 884 721 coeptum
906 639 1002 698 esset.

303 830 377 900 Jam
392 833 507 922 'igitur
536 834 616 902 satis
648 847 771 904 certem
798 833 948 918 ridetur,
987 857 1044 902 eos
1074 833 1209 920 titulos,
1253 835 1310 926 qui

219 933 329 1002 minus
350 937 491 1025 perfecte
508 937 874 1004 Boeotismumrei'erre
895 935 958 1004 visi
981 947 1070 1020 suut,
1093 947 1111 1000 ῦ
1131 949 1164 1002 et
1186 949 1218 1002 ὄῑ
1239 961 1310 1006 cum

219 1037 347 1128 dulqari
370 1038 508 1104 dialecto
535 1039 737 1118 eommunia,
775 1063 883 1129 neque
911 1037 1022 1104 minus
1044 1049 1075 1105 οἳ
1103 1039 1312 1128 provulgari

111 1221 113 1224 Ι
219 1141 244 1223 ᾧ
274 1165 316 1206 cx
345 1139 478 1230 antiqua
510 1140 656 1230 ipsorum
689 1141 886 1210 Boeotorum
919 1140 1058 1208 dialecto
1086 1152 1118 1206 et
1152 1140 1312 1231 scriptura
1384 1185 1387 1194 ·

221 1265 378 1312 servasse.
444 1241 557 1308 Minus
585 1255 707 1310 eertum
730 1243 892 1331 judicium
924 1254 975 1309 est
995 1243 1036 1310 de
1060 1243 1196 1332 rehqnia
1217 1265 1311 1310 voea-

105 1361 108 1368 ’
219 1343 301 1410 lium
332 1344 587 1432 mutationibus,
615 1369 699 1435 quae
726 1345 852 1412 minore
872 1346 1054 1412 constantia
1074 1345 1110 1410 in
1131 1345 1249 1412 iisdem
1271 1344 1311 1412 ti·

218 1445 298 1511 tulis
327 1447 561 1536 negliguntur,
594 1447 671 1538 quia
693 1448 765 1513 siue
794 1448 862 1514 ulla
891 1447 1137 1538 peregrinarum
1160 1447 1313 1514 dialecto:

219 1573 292 1614 rum
305 1548 492 1638 cognitione
508 1561 541 1613 ᾶῖ
562 1548 596 1612 iu
620 1562 639 1627 ῆ
650 1597 661 1634 ,
683 1557 713 1614 Ξῖ
733 1549 768 1614 in
791 1560 823 1634 t,
847 1559 862 1614 ἒ
881 1562 955 1616 aute
969 1551 1098 1616 vocales
1117 1549 1152 1612 in
1172 1559 1187 1608 ῐ
1207 1559 1313 1616 trans·

218 1649 268 1715 ire
290 1661 447 1739 poterant.
502 1651 550 1715 At
570 1675 588 1716 e
609 1651 808 1741 reliquorum
837 1663 943 1718 tumen
967 1651 1116 1740 analogia
1138 1649 1217 1716 satis
1236 1674 1312 1739 pro·

218 1751 324 1818 babili
344 1752 530 1839 conjectura
550 1753 758 1844 colligimus,
792 1778 835 1820 ue
862 1753 897 1818 in
917 1754 970 1822 his
993 1754 1125 1844 quidem
1146 1749 1312 1840 antiquam

166 1863 172 1868 ’
219 1853 416 1920 Boeotorum
446 1857 637 1946 scripturam
669 1855 836 1944 evulgari
857 1855 1017 1923 diversam
1044 1855 1169 1938 fuisse,
1208 1877 1312 1944 qnan-

220 1979 317 2045 quam
346 1956 513 2023 titulorum
540 1957 736 2048 antiquioris
764 1958 900 2024 rationis
930 1959 1128 2026 tenaciorurn
1149 1956 1256 2022 rninor
1277 1955 1312 2022 in

218 2059 273 2125 his
309 2055 545 2125 mutationibus
573 2060 781 2150 negligendis
809 2061 988 2127 constantia
1022 2061 1175 2147 majorem
1212 2069 1313 2124 muta·

219 2161 345 2226 tionum
364 2160 589 2251 antiquitatem
608 2161 743 2251 prodere
756 2161 896 2230 videtur.
942 2161 1041 2248 Quod
1061 2171 1083 2239 ἢ
1103 2164 1139 2228 iu
1160 2160 1314 2226 omnihus

219 2263 324 2328 titulis
348 2263 419 2330 sine
441 2262 630 2338 discrimine
651 2262 687 2328 iu
709 2271 737 2330 Ξῖ
759 2266 893 2346 transit,
936 2289 1091 2332 summam
1120 2263 1220 2352 hujus
1241 2287 1315 2330 mn-

218 2365 352 2433 tatiouis
373 2366 597 2457 antiquitatem
619 2365 752 2432 iudicat.

303 2569 377 2637 Jarn
406 2569 596 2638 accedamus
632 2571 673 2636 ad
709 2595 765 2639 eas
801 2551 1056 2662 inscriptiones,
1097 2595 1180 2664 quoe
1211 2595 1312 2662 quum

221 2673 398 2760 scripturae
428 2697 548 2760 genere
569 2674 722 2761 majorem
743 2673 968 2764 antiquitatem
995 2675 1153 2764 prodant,
1185 2672 1242 2738 vix
1268 2683 1314 2738 ta·

220 2798 296 2839 men
317 2785 467 2863 quartum
489 2777 656 2842 saeculnm
685 2775 825 2841 multum
848 2789 1013 2865 superant.
1080 2775 1125 2844 Et
1152 2785 1218 2840 tres
1240 2776 1314 2866 qui·

221 2875 295 2942 dem
325 2898 366 2939 ex
392 2874 445 2940 his
476 2876 584 2967 ipsum
613 2881 671 2964 ᾱῖ,
705 2877 794 2967 quod
822 2879 908 2968 apud
933 2891 1060 2944 veteres
1081 2877 1223 2944 Boeotos
1246 2900 1313 2941 nou

201 2985 378 3042 xmutatum
417 2976 522 3042 fuisse
549 2977 714 3067 suspicati
740 2978 886 3062 sumusq'
913 2983 1072 3065 offerunt,
1117 2977 1313 3046 Thisbensis

221 3076 304 3143 1592
324 3074 488 3162 Ἀθάναι,
521 3078 741 3146 Orchomenia
762 3081 845 3148 1639
866 3082 1053 3162 Baadeno,
1086 3079 1312 3146 Chaeroueen·

220 3175 268 3243 sis
290 3177 373 3247 1679
395 3179 596 3265 Χαιρῤονεά;
620 3180 676 3246 vix
698 3182 785 3249 enim
807 3183 1012 3270 dubitamus,
1037 3183 1118 3274 quin
1138 3183 1174 3248 iu
1195 3179 1312 3270 priori·

82 3343 91 3352 ,
219 3279 282 3347 bus
305 3281 340 3344 ᾶῖ
359 3305 419 3372 pro
442 3287 462 3363 ᾇ
483 3305 551 3348 uon
572 3281 682 3349 minus
704 3285 915 3352 scribendum
938 3287 996 3367 sit,
1030 3310 1129 3376 quarn
1149 3282 1314 3374 antiquior

220 3383 381 3450 disiectus
403 3383 434 3449 ὦ
455 3383 594 3450 babebat
613 3407 674 3474 pro
697 3387 732 3469 qi.
787 3387 827 3454 In
857 3389 970 3454 ultima
992 3401 1175 3480 practerea,
1210 3411 1312 3477 quum

221 3485 350 3576 singula
378 3511 443 3553 vox
469 3509 529 3576 pro
552 3485 736 3576 Χαιρώνεια
761 3489 969 3555 hauddubie
995 3491 1106 3582 priseo
1135 3489 1313 3578 scripturae

221 3611 342 3678 genere
362 3589 468 3678 posita
491 3589 553 3674 sit,
585 3597 674 3658 iest
693 3613 752 3680 pro
779 3593 827 3675 Ξῖ,
865 3593 967 3682 igitur
992 3593 1070 3658 haee
1090 3591 1313 3680 diphthongus

219 3689 364 3756 nondum
390 3689 425 3754 in
451 3697 469 3751 'i
495 3691 699 3758 transiit·
742 3693 872 3759 Deinde
901 3693 935 3756 iu
957 3691 1101 3784 antiquis
1123 3691 1230 3758 titulis
1248 3691 1314 3757 Ta·

219 3792 372 3880 naqraeis
393 3792 531 3881 legiturs
554 3817 606 3858 ur.
632 3795 715 3861 1592
734 3793 933 3878 Ἠσχροιιδας
954 3797 1060 3878 Aa'yo.
1073 3785 1084 3858 i.
1099 3841 1130 3858 ..
1155 3801 1314 3860 Αιονυσοι

220 3901 253 3956 et
275 3893 357 3958 1647
379 3896 428 3958 ἐπὶ
451 3901 608 3979 Iliaeque.
654 3893 760 3984 Igitur
780 3895 852 3977 hie,
875 3895 932 3959 uhi
953 3897 1136 3986 proprietas
1157 3893 1312 3962 Boeotiea
1337 3945 1342 3964 ,

185 4039 189 4050 ·
219 3993 437 4092 conspicitur,
473 3997 491 4058 ῦ
520 4020 584 4061 non
615 4007 769 4060 rrrrrtatum
790 3995 921 4087 egregie
956 3997 1146 4063 senteutiam
1168 4009 1313 4066 nostram

219 4095 398 4160 confirmat.
457 4097 562 4160 Valde
588 4107 693 4161 autern
726 4098 868 4165 notabile
890 4111 941 4166 est
963 4099 1233 4190 diphthonporum
1257 4123 1313 4191 ge·

220 4219 309 4280 uus,
332 4197 421 4286 quod
442 4197 573 4264 Latinis
595 4197 691 4264 arnico
713 4198 887 4286 usitatum,
910 4201 995 4292 apud
1017 4202 1162 4269 Graecos
1183 4201 1312 4270 rarissi-
