2862 4770
310 317 343 412 §.
371 317 433 394 31.
485 317 544 390 De
565 314 806 390 declinatione
832 274 1009 390 anomale.
1134 315 1213 394 339

115 531 214 610 Aeaei
234 538 268 594 et
288 523 507 594 accusativum
528 523 645 588 Aetola
674 523 814 605 halem,
859 521 902 586 ad
928 522 1123 590 laminarum
1153 547 1211 590 no·

116 631 206 700 mina
227 627 365 694 eandem
385 624 546 690 rationem
566 623 690 690 recenti
705 623 835 688 demum
856 634 1004 712 tempore.
1024 625 1212 692 translatam

114 731 352 800 existimamus.
396 727 533 808 Aaron,
568 727 648 795 deae
669 749 808 803 nomen,
843 723 1002 792 112554
1023 726 1107 792 male
1128 725 1213 790 tradi

113 834 247 904 videtur
273 853 334 922 pro
362 829 479 910 Λατώ,
524 831 586 896 nec
618 827 653 894 in
681 827 794 896 Aetol.
824 826 909 892 1756
940 850 1014 892 cum
1044 827 1212 895 Boeeklrio

115 939 299 1010 Kalleuvoio
320 931 509 1024 scripserim
533 955 595 1021 pro
615 939 809 1008 Kalleuvoc,
833 929 892 994 sed
912 933 1116 1006 Καλλιστοῦς.

200 1035 236 1122 9)
280 1034 502 1126 Comparativi
533 1035 569 1098 in
599 1060 642 1098 nae
673 1056 746 1098 raro
777 1059 795 1096 v
821 1030 928 1116 ejecto
957 1033 1212 1099 contractionem

116 1140 306 1231 patiuntur,
319 1141 403 1222 pelea
425 1137 558 1216 Harpal.
582 1135 597 1200 1
608 1183 619 1212 ,
642 1135 704 1202 126
726 1155 784 1222 pro
806 1135 931 1216 palona,
954 1136 1035 1198 πλέω
1058 1134 1210 1224 Calymne.

114 1241 223 1324 2671,
253 1241 395 1317 ἐλάσσως
416 1239 560 1328 Lysistr.
584 1236 668 1304 1263
691 1255 751 1324 pro
772 1234 947 1310 ἐλάσσονες.
993 1236 1108 1304 Simile
1129 1237 1213 1327 quid

115 1347 237 1412 lactum
259 1355 310 1410 eat
330 1346 365 1410 in
379 1341 566 1408 accusativo
586 1336 733 1404 Ἀπόλλω
744 1335 889 1426 Lycisce.
907 1339 991 1406 13⁰2
1017 1351 1050 1406 et
1072 1339 1212 1404 ’Auello

115 1447 201 1536 apud
223 1445 413 1536 Epilycum.
467 1443 559 1509 Inter
578 1439 722 1508 Doricae
750 1463 914 1531 apocopae
942 1441 1092 1532 exempla
1114 1444 1214 1506 anasei

115 1559 386 1616 commemoratur
407 1571 425 1612 a
449 1545 631 1636 Tryphone
653 1552 733 1608 nat.
758 1549 818 1620 λεξ.
849 1545 880 1628 ἕ.
905 1543 958 1612 311.

606 1779 638 1862 o.
663 1777 715 1844 31.

380 1917 441 1968 lte
468 1917 726 1970 deoltnattome
750 1917 942 1970 anemae.

204 2063 237 2140 1)
279 2061 560 2130 Terminationem
583 2091 622 2147 φι
642 2064 676 2130 in
696 2064 842 2153 genitivo
864 2057 1066 2155 aSicyoniie
1087 2069 1212 2158 saepie-

117 2166 200 2234 sime
228 2165 348 2232 ascisci
379 2165 473 2250 testis
499 2169 555 2234 'eet
581 2167 784 2256 Apollonius
816 2165 856 2234 de
884 2167 958 2234 adv.
993 2189 1026 2258 p.
1052 2168 1134 2253 574,
1156 2169 1211 2240 30.

116 2269 288 2336 Alcmauia
309 2265 468 2354 oipoaa'ope
490 2269 529 2334 l'r.
553 2269 597 2338 42
617 2265 690 2356 (5),
724 2293 822 2358 quern
843 2281 931 2336 recte
952 2294 972 2336 a
992 2274 1213 2360 grammaticis

12 2411 14 2428 .
115 2372 302 2441 vocativum
334 2371 499 2460 perhiberi
522 2385 650 2438 nosmet
671 2392 861 2464 persuasam
883 2371 1042 2439 habemus
1064 2387 1096 2440 et
1117 2375 1214 2465 Ibyci

115 2474 352 2558 Λιβυαφιγὲνης
373 2473 460 2563 apud
483 2473 707 2541 Herodianum
730 2501 763 2539 π.
785 2501 817 2556 μ.
841 2482 868 2538 1.
893 2473 952 2557 38,
975 2473 1017 2539 17
1047 2498 1112 2542 non
1136 2489 1214 2546 suut

115 2576 260 2659 Dorica,
284 2577 341 2644 aed
365 2575 493 2666 poitiea
514 2578 600 2643 licta.

200 2681 236 2762 2)
265 2677 472 2768 Metaplaami
494 2678 652 2744 nonnulla
670 2697 789 2766 genera
812 2701 911 2768 supra
931 2679 1113 2767 tetigimus,
1135 2681 1213 2761 alia,

116 2805 201 2872 quae
222 2781 263 2846 ad
286 2781 437 2872 singulas
458 2781 614 2871 quaedam
637 2776 734 2848 voces
755 2783 943 2871 pertinent,
977 2803 1053 2849 mox
1075 2803 1214 2852 comme·

115 2885 329 2951 monebimus.
386 2885 452 2951 llic
474 2883 525 2950 ·de
557 2905 625 2948 uno
656 2907 777 2976 genere
808 2885 968 2953 dicemus.
1024 2885 1214 2954 Nonnullae

117 2987 207 3053 enim
229 3009 326 3056 voces
350 2987 386 3052 in
408 3013 463 3066 ας,
488 3009 624 3078 quarum
651 2987 815 3077 genitivus
837 2988 938 3078 vulgo
960 2991 995 3056 in
1018 3015 1111 3064 oenoe
1132 2992 1212 3075 exit,

117 3089 370 3156 declinationem
404 3088 540 3180 primam
575 3101 768 3178 sequuntur.
821 3091 870 3156 lta
899 3115 918 3156 a
945 3093 1150 3176 Καρτιδάμας
1176 3093 1213 3159 in

116 3191 226 3256 titulis
247 3189 406 3258 Tlreraeie
428 3215 478 3256 nr.
504 3189 760 3278 2448.111,22
788 3204 821 3259 et
849 3194 935 3262 2454
967 3208 1018 3261 eet
1047 3196 1212 3285 genitivus

117 3292 324 3379 Καρτιὸἀμα,
354 3317 455 3383 quum
485 3295 523 3360 in
550 3295 731 3362 recentiore
752 3319 802 3360 nr.
826 3296 967 3363 611111.
991 3297 1067 3364 Ber.
1091 3307 1213 3382 Kapsa-

118 3394 301 3477 dalpm(oc)
331 3407 364 3462 et
393 3397 428 3462 in
456 3397 521 3464 alio
551 3398 675 3464 recenti
704 3398 845 3464 Athenis
874 3397 1077 3493 a'lJlreraeie
1103 3400 1213 3490 posito

13 3580 16 3588 Ι
119 3496 160 3562 C.
184 3497 211 3560 1.
241 3523 293 3564 nr.
317 3499 380 3564 345
401 3500 659 3584 Καρτιὸάμανιος
680 3501 807 3592 vulgari
830 3499 956 3568 ratione
976 3502 1132 3592 scriptum
1155 3499 1211 3570 sit.

117 3599 200 3668 Item
226 3600 390 3689 genitivus
411 3600 588 3684 ’Λλκιδάμα
609 3604 731 3694 legitur
759 3603 794 3668 in
825 3603 921 3669 titulo
942 3604 1125 3692 Zacynthio
1158 3627 1210 3670 nr.

119 3701 215 3770 1984.
245 3741 287 3752 -
330 3701 460 3770 Deinde
490 3728 508 3769 a
535 3709 663 3780 πελεκᾶς
684 3707 866 3771 Dorienses
896 3707 1074 3796 genitivum
1101 3711 1214 3772 πελεκᾶ

12 3813 15 3828 '
117 3827 178 3894 pro
201 3809 383 3880 nelexdmoc
404 3807 538 3873 linxisse
559 3809 731 3873 traduntur
757 3831 774 3872 a
797 3805 897 3874 Suida
923 3833 949 3874 s.
974 3835 1006 3876 v.
1031 3819 1063 3874 ct
1085 3809 1211 3877 Scholl.

117 3905 226 3972 Arist.
248 3905 315 3974 Αν.
338 3907 412 3976 882.
459 3907 655 3975 (inploratur
675 3909 771 4010 etiam
793 3907 972 3992 Ἀμύκλας,
1001 3913 1213 4001 Amyclaeum

118 4009 291 4092 conditor,
324 4010 420 4097 cujus
443 4036 562 4078 nomen
585 4025 617 4078 et
639 4013 673 4078 in
695 4011 841 4096 Ἀμύκλα
871 4015 947 4096 (hoc
969 4017 1105 4082 fortasse
1127 4015 1213 4105 apud

118 4110 285 4192 Lacones)
306 4124 339 4177 ot
361 4112 394 4176 in
418 4111 630 4194 Ἀμύκλανιος
650 4115 738 4184 liecti
760 4116 898 4184 traditur
918 4117 1211 4207 aStepltanoBya.

118 4237 146 4278 s.
170 4237 226 4298 v.,
248 4214 335 4280 uude
358 4215 467 4282 hausit
487 4215 640 4284 Eustath.
662 4220 745 4304 295,
770 4221 821 4286 15.
