2742 4794
109 325 242 429 'vr

193 577 257 643 qna
284 550 390 616 studia
411 571 481 617 mea
508 551 657 640 privatim
680 549 852 639 adjuvisti,
890 571 955 614 non
986 547 1078 637 potui
1105 548 1185 614 mibi
1206 560 1285 614 torn·

192 711 323 778 perere,
354 689 434 778 quin
456 690 654 754 reverentiae
675 713 765 754 ureae
787 699 883 780 atque
905 687 1034 779 pietatis
1057 687 1286 754 documentum

191 829 254 894 boc
274 825 375 892 Tibi
396 827 598 913 dedicarem,
627 827 727 893 simul
748 826 973 918 quaesiturus,
1003 849 1083 891 num
1104 827 1187 890 laanc
1208 826 1287 891 alte-

192 989 262 1030 ram
294 963 450 1054 Corporis
489 965 570 1029 Tui
605 964 796 1086 proqenieur
834 963 1074 1053 suscipiendam
1107 962 1286 1050 judicares.

192 1103 308 1194 Neque
334 1099 470 1192 despero
499 1105 588 1187 lore,
623 1113 661 1168 ut
686 1101 855 1190 sanguinis
884 1101 1025 1191 quodam
1053 1127 1161 1168 amoro
1182 1101 1289 1169 victus

171 1241 346 1328 filiolam,
380 1243 535 1340 pulchrae
563 1241 657 1308 matri
678 1240 741 1308 vix'
763 1241 1029 1332 comparandam,
1065 1241 1153 1308 nolis
1180 1267 1290 1333 asper·

192 1375 274 1442 nari.
340 1377 448 1442 Pauca
476 1389 581 1442 tamen
603 1376 799 1466 praefando,
836 1401 919 1466 quae
941 1347 1034 1467 plura
1056 1393 1183 1465 essent,
1223 1379 1290 1446 nisi

191 1517 419 1584 molestissima
448 1516 577 1582 dextrae
606 1516 758 1582 debilitas
787 1541 828 1582 ex
854 1517 981 1607 aliquot
1010 1516 1179 1582 mansibus
1208 1518 1290 1583 scri-

191 1655 291 1721 bendi
320 1656 463 1720 laborem
484 1679 587 1745 paene
609 1643 845 1724 intolerabilem
866 1657 1024 1740 efficeret,
1057 1656 1192 1722 infantis
1213 1679 1292 1722 eau-

191 1817 258 1859 sam
281 1817 378 1883 agere
398 1793 485 1858 band
506 1794 649 1860 alienum
671 1795 810 1862 videtur.

278 1931 419 2021 Operam
440 1931 476 1996 in
504 1933 565 1998 bac
585 1932 791 2024 potissimum
814 1935 1016 2025 antiquitatis
1042 1946 1132 2026 parte
1153 1935 1293 2002 colloca-

191 2083 256 2139 tam
277 2070 332 2138 vix
353 2094 436 2160 opus
458 2083 509 2138 est
528 2097 696 2140 excusare.
762 2075 885 2170 Mirum
913 2075 1002 2142 enim
1031 2075 1141 2166 potius
1164 2074 1295 2142 videtur

104 2246 106 2255 Δ
190 2223 223 2278 et
252 2233 355 2299 paene
384 2211 597 2299 incredibile,
629 2213 682 2280 bis
710 2214 846 2304 triginta
872 2213 986 2293 annis,
1018 2212 1138 2303 quibus
1166 2223 1294 2280 tantuna

192 2352 291 2418 studii
313 2365 346 2420 et
366 2353 489 2420 laboris
510 2354 545 2420 in
566 2353 777 2445 buguarum,
807 2376 868 2420 nee
891 2355 1025 2421 minime
1046 2353 1210 2438 Graecae,
1241 2352 1293 2418 in·

191 2489 267 2556 dolc
287 2490 516 2578 cognoscenda
543 2515 618 2558 cum
648 2491 811 2558 uberrimo
840 2494 948 2560 fructu
971 2503 1200 2582 consumptum
1228 2503 1302 2578 est,

192 2630 355 2696 neminem
378 2630 559 2710 exstitisse,
593 2631 651 2720 qui
680 2644 755 2722 post
775 2629 944 2700 Maittairii
965 2657 1048 2724 opus
1070 2629 1194 2700 Sturuii
1216 2651 1295 2696 cura

190 2767 339 2834 iteratum
375 2767 558 2834 universam
592 2767 633 2834 de
661 2767 799 2835 Graecis
836 2769 983 2836 dialectis
1021 2768 1200 2834 doctrinam
1241 2791 1295 2832 re·

190 2917 327 2970 tractmc
350 2904 551 2992 dignaretur.
597 2903 714 2994 Neque
736 2905 825 2972 enirn
850 2905 900 2972 illi
921 2905 965 2972 ita
986 2917 1054 2970 rcur
1077 2916 1230 2992 opereat,
1256 2917 1296 2972 ut

193 3067 252 3110 sua
273 3055 376 3110 aetate
397 3067 514 3134 magna
534 3042 631 3110 laude
653 3041 748 3133 digni
767 3055 897 3127 essent,
933 3067 1059 3132 neque,
1088 3041 1214 3109 etiamsi
1235 3065 1296 3112 sex

192 3179 312 3246 abhinc
334 3179 470 3262 lustris,
493 3201 577 3268 qnae
598 3177 836 3262 exbibuerunt,
859 3177 1011 3246 omnibus
1033 3177 1178 3246 numeris
1199 3176 1295 3244 abso·

193 3323 263 3388 luta
277 3321 346 3388 visa
369 3333 492 3401 essent,
514 3315 572 3384 din
593 3315 781 3386 bominibus
800 3315 985 3384 satisfacere
1006 3327 1167 3409 poterant,
1190 3341 1294 3407 quum

194 3459 386 3553 gravissima
413 3457 515 3524 multa
543 3456 824 3545 grammaticorum
855 3457 974 3546 scripta
1003 3469 1115 3548 postca
1142 3468 1199 3522 aut
1226 3456 1295 3548 pris

194 3622 284 3666 mum
305 3607 361 3662 aut
382 3594 601 3664 emendadum
621 3595 657 3662 in
677 3597 785 3663 lueenr
807 3595 918 3682 edita,
949 3595 1097 3688 plcrique
1119 3595 1295 3685 scriptores

196 3734 315 3802 Graeci
335 3733 519 3803 accuratius
539 3735 712 3822 recensiti,
742 3734 993 3826 inscriptionum
1013 3738 1185 3804 thesaurus
1206 3734 1297 3802 Tua

198 3893 297 3962 opera
329 3871 459 3938 tandem
487 3871 656 3958 reclusas,
700 3873 803 3940 multa
835 3874 875 3939 de
905 3874 1046 3963 singulis
1076 3872 1235 3965 sagaciter
1262 3885 1298 3939 et

198 4009 293 4076 docte
315 4006 499 4097 disquisita,
522 4007 664 4096 denique
686 4007 870 4098 linguarum
892 4009 974 4086 ratio
996 4007 1131 4076 omnino
1152 4005 1297 4098 penitius

195 4145 346 4238 cognita,
369 4169 487 4216 navam
509 4145 586 4214 boic
607 4145 690 4236 perd
712 4169 843 4238 operam
865 4145 977 4214 navari
994 4145 1159 4233 juberent.
1223 4142 1293 4210 Nc·-
