2844 4770
218 335 268 412 7⁰
574 334 630 404 De
659 324 949 402 consonantibus.

223 539 360 628 vestigia
380 537 465 629 apud
487 532 660 600 Cretenses
679 529 822 622 reperire
843 528 907 595 silsi
937 527 1000 595 visi
1021 535 1109 592 sunt.
1163 525 1314 600 Primum

225 644 260 708 in
282 639 526 732 corruptissimo
547 634 641 702 titulo
669 657 720 728 nra
744 633 829 700 2554
855 631 879 696 l.
904 629 965 698 185
984 627 1202 698 Valckenario
1222 653 1316 720 prse-

225 753 322 810 euutc
343 765 402 833 pro
424 739 486 814 aeia
509 736 662 812 ἄλλοσιως
691 733 758 822 legi
774 731 895 819 jarlent
914 729 975 806 scic
997 729 1095 804 ἄλλως
1116 727 1210 810 necle,
1244 731 1316 818 ubi,

226 865 328 934 quun
360 842 401 908 de
424 839 556 908 Cretico
582 837 658 912 θιὸς
685 845 828 911 constet,
874 831 1036 921 corrigere
1064 831 1224 898 malumus
1255 833 1318 910 eda

229 947 327 1021 ἄλλως
348 945 441 1018 orde.
492 941 622 1008 Deinde
643 940 708 1004 lsnc
727 945 897 1004 traxerunt
916 933 1155 1022 llcsyclrianam
1176 933 1318 1024 glossam

230 1051 351 1131 σιῖιαι,
380 1047 501 1111 θεῖναι·
537 1045 671 1126 Κρῆτες.
730 1039 778 1106 At
800 1038 914 1112 Cretes
942 1045 1030 1102 certe
1052 1037 1140 1118 σι’μεν
1159 1035 1321 1104 dixissent

227 1149 252 1215 i.
276 1173 306 1214 e.
330 1151 443 1230 θέμιν,
464 1145 530 1210 vid.
554 1145 587 1227 ξ.
607 1143 660 1210 38.
703 1141 876 1208 Praeterea
896 1138 1029 1204 ethaeo
1051 1135 1160 1226 glossa
1181 1149 1213 1204 et
1231 1149 1321 1206 aute·

227 1250 366 1333 cedens,
388 1249 459 1338 ipsa
478 1244 659 1337 paullulum
672 1251 840 1332 suspecta,
865 1241 945 1334 osis,
966 1241 1051 1304 θεῖν·
1075 1237 1243 1344 Adsum,
1265 1263 1322 1306 οι.

229 1352 339 1420 dinem
360 1347 597 1440 alplrsBeticum
617 1343 767 1426 turbant,
797 1363 897 1430 quum
919 1353 1097 1430 sequantur
1118 1343 1226 1422 ostric,
1240 1349 1321 1408 ,Σει-

230 1457 324 1530 θοιΙη
347 1461 410 1518 etc.
466 1449 577 1532 Qusre
598 1443 691 1512 valde
718 1463 833 1511 vereor
858 1463 900 1508 ne
921 1442 1002 1508 istae
1022 1441 1105 1508 male
1126 1442 1194 1510 sint
1214 1465 1324 1534 segre·

231 1565 323 1644 gatae
345 1577 386 1618 ex
407 1575 472 1616 una
491 1551 572 1615 hace
609 1549 707 1624 orins,
730 1545 833 1611 θεῖαι·
864 1541 1033 1621 Λάκωνες,
1056 1531 1178 1630 Κρῆτες
1199 1545 1234 1610 dd
1254 1547 1325 1611 del'-

235 1681 296 1722 rus.
348 1655 401 1720 De
424 1651 555 1719 Cretico
575 1653 681 1725 θιΐνος
702 1661 768 1738 pro
783 1647 872 1722 θεῖος
891 1643 956 1712 vid.
981 1637 1012 1733 ἓ.
1037 1645 1171 1731 11,11.
1223 1647 1326 1715 Extra

157 1807 162 1812 -
234 1755 389 1822 Doricam
410 1754 603 1838 dialectum,
633 1761 671 1818 ut
690 1747 799 1815 inanis
821 1757 1000 1813 commenta
1021 1746 1223 1834 omittamus,
1252 1751 1327 1818 unt.

235 1879 310 1924 cunr
338 1857 438 1944 liujus
464 1853 653 1922 mutationis
681 1849 864 1940 exemplum
891 1847 1052 1940 reperitur
1071 1847 1106 1914 in
1128 1849 1238 1938 glossa
1259 1843 1328 1918 110.

236 1958 409 2054 sychianae
435 1955 550 2044 σαρμοί
561 2007 571 2034 ,
595 1953 728 2038 θερμο1·
753 1949 940 2036 Καρύστιοι.

319 2058 392 2126 darn
414 2083 510 2140 vero,
545 2079 647 2145 quum
668 2077 710 2120 ne
732 2053 818 2144 apud
839 2051 1036 2119 Tarentinos
1057 2051 1188 2142 quidem
1210 2063 1244 2118 et
1259 2053 1328 2119 lle·

237 2159 441 2244 raeleenses,
475 2159 708 2248 Spartanorum
731 2153 886 2237 colonos,
914 2153 1115 2221 levissimum
1133 2154 1204 2240 ejus
1223 2165 1344 2220 nutv

239 2261 340 2326 tionis
361 2261 535 2350 vestigium
556 2257 754 2350 reperiatur,
777 2267 930 2346 apparet,
959 2277 1030 2320 eam
1050 2277 1118 2320 non
1140 2256 1228 2322 curui
1248 2265 1328 2322 teus·

238 2384 317 2452 pore
338 2362 425 2451 apud
446 2362 592 2428 Lacum
612 2359 775 2449 viguisse,
800 2358 858 2424 sed
878 2369 953 2448 post
974 2357 1134 2424 coloniam
1152 2357 1330 2425 Tarentum

240 2461 431 2549 deductam,
460 2462 546 2529 lraud
565 2460 667 2528 multo
679 2469 762 2527 ⁸ante
783 2459 974 2526 Alcmanern
995 2459 1184 2526 invaluisse.
1235 2460 1332 2528 Adeo

239 2575 315 2655 post
334 2564 526 2632 Alcmenen
554 2565 595 2629 als
616 2563 697 2655 ipsis
718 2561 904 2628 Laeouilsns
924 2571 950 2626 o
971 2560 1128 2652 seriptum
1149 2583 1242 2648 esse,
1276 2587 1332 2630 an·

241 2667 352 2756 tiquus
372 2666 487 2733 titulus
508 2666 691 2733 laealsiauus
712 2664 842 2730 evincit.
866 2701 906 2714 ·-

328 2767 481 2834 Ceterum
510 2768 645 2834 mutatio
671 2767 728 2832 illa
755 2767 853 2833 certis
887 2763 1079 2856 quibusdam
1107 2763 1237 2854 legibus
1265 2769 1332 2832 ion

242 2867 371 2933 videtur
392 2869 635 2958 circumscripte
657 2868 770 2933 fnisse.
824 2867 970 2954 Mutatur
996 2875 1022 2932 d
1048 2865 1083 2932 iu
1112 2863 1220 2934 fronte
1240 2890 1335 2936 voes-

244 2967 413 3053 bulorum,
445 2981 586 3034 mutatur
613 2971 699 3035 inter
725 2969 873 3054 vocales,
910 2979 1051 3036 mutatur
1071 2979 1146 3060 post
1166 2977 1182 3034 λ
1203 2981 1236 3036 et
1257 2995 1275 3054 ρ
1298 2981 1336 3036 ut

244 3067 483 3155 s’tcetm-c’pcd,
515 3079 657 3137 suuntur
676 3071 776 3155 adeo,
798 3095 898 3162 quum
919 3095 938 3136 e
957 3071 1049 3138 tenui
1068 3081 1101 3137 et
1121 3093 1236 3161 sspero
1258 3095 1335 3138 eon·

168 3217 180 3234 .
244 3170 355 3236 tlaturn
377 3182 445 3256 est,
473 3181 615 3237 mutatur
635 3183 668 3238 et
688 3172 723 3238 in
744 3172 908 3240 radicilrus
929 3185 962 3239 ct
982 3171 1016 3238 in
1037 3171 1332 3240 terminationibus.

243 3271 358 3364 ltaque
379 3273 574 3359 credideris,
595 3297 762 3364 uunquam
782 3286 942 3343 servatum
957 3276 1057 3361 esse,
1090 3273 1155 3341 nisi
1176 3277 1337 3366 neopho-

245 3374 299 3440 uia
320 3374 449 3442 obesset
502 3375 548 3441 Et
566 3374 664 3442 tradit
683 3377 796 3443 doctus
816 3377 944 3468 quidam
960 3375 1242 3466 grammaticum),
1264 3401 1335 3444 earn

245 3477 455 3544 mutationem
483 3501 549 3547 uon
579 3477 749 3546 sdruissam
780 3501 873 3562 esse,
916 3477 945 3544 si
966 3501 1107 3570 sequens
1128 3479 1253 3569 syllaba
1273 3505 1292 3546 a
1315 3503 1337 3544 o

8 3551 9 3596 ³
106 3629 110 3636 .
245 3577 424 3672 inciperet,
449 3579 503 3646 cui
524 3580 656 3670 repulse
681 3579 864 3671 exemplum
885 3569 1057 3646 adversans
1079 3581 1241 3672 reperitur
1262 3581 1336 3646 nul·

246 3677 327 3745 lum.
376 3679 451 3746 Non
480 3681 583 3771 magis
610 3681 725 3761 credo,
770 3683 917 3749 Lacones
946 3705 1006 3772 pro
1026 3681 1145 3766 ἔσθος,
1189 3683 1278 3774 quod
1300 3683 1336 3750 iu

201 3783 205 3793 '
248 3777 428 3870 Lysistrata
446 3805 477 3848 s.
495 3774 586 3852 'sono
604 3783 744 3873 legitur,
764 3783 858 3860 ἕσσος
878 3783 1019 3868 dixisse,
1041 3783 1095 3850 vel
1115 3807 1175 3876 pro
1197 3784 1335 3868 ἄθρους,

247 3881 335 3972 quod
357 3881 541 3972 Hesychius
563 3885 760 3956 Laconicum
781 3884 880 3970 dicit,
903 3885 1043 3970 ἄσροος,
1072 3886 1149 3978 quia
1169 3885 1336 3952 literarum

250 4005 290 4065 σρ
313 3983 500 4068 conjunctio
521 3985 561 4052 als
580 3985 732 4054 omnibus
753 3985 888 4054 Graecis
908 3989 1084 4080 respuitur.
1128 3987 1338 4056 Retinuerint

226 4083 344 4150 'etiam
365 4095 441 4175 post
460 4113 495 4170 ι,
528 4097 564 4152 ut
584 4091 741 4172 Kopsrdlu
768 4099 801 4155 et
819 4090 1017 4172 amoveam
1037 4089 1124 4181 apud
1143 4089 1337 4180 Aristopha-

249 4207 323 4251 nem
346 4197 431 4252 suut.
486 4186 551 4254 Sed
574 4213 651 4256 num
673 4192 739 4268 ἴθι,
761 4191 917 4276 θάγοντας
936 4202 970 4258 et
990 4191 1053 4258 slis
1073 4191 1160 4282 apud
1181 4190 1334 4284 eundern,
