2784 4768
221 383 272 463 84
420 375 476 448 De
505 367 658 443 dialemo
684 359 841 436 Aeolum
866 351 1101 433 Asianorum.

225 607 292 651 non
320 579 471 650 uidentur
503 585 642 640 mutasse
670 569 704 633 in
731 569 750 632 ὗ
778 561 843 628 nisi
871 561 906 624 in
935 557 1132 648 syllabarum
1160 547 1257 614 initio
1288 559 1325 611 et

226 688 335 768 exitu,
363 702 475 769 noque·
500 687 606 752 tamen
634 672 670 738 id
699 689 836 755 semper.
903 661 941 726 ln
971 653 1121 748 plurimis
1152 651 1326 740 integrum

227 797 352 864 manet,
380 792 416 848 ut
436 777 622 864 ubieunque
644 771 719 837 ex}
742 777 852 831 natum
874 773 943 847 est,
974 759 1084 842 δόμος,
1109 753 1199 836 λόγος
1221 755 1325 832 (nuru

221 887 339 975 ’ἄγυρις
359 885 400 950 ab
423 879 514 966 ἆγερ,
539 877 649 952 §dovor
673 895 691 935 a
714 870 789 945 ξέω,
812 867 854 930 ci.
876 863 955 939 ξύω,
979 861 1137 926 diversam
1159 854 1327 918 rationem

229 990 380 1068 babent),
401 983 435 1046 in
455 972 736 1044 terminationibus
756 964 1008 1054 conjugationis,
1031 959 1151 1039 εὔξατο,
1173 967 1237 1019 etc.
1255 963 1324 1016 cte.

314 1088 444 1152 Inversa
473 1078 605 1144 mutatio
628 1070 749 1142 vocalis
770 1072 789 1132 ὖ
810 1067 844 1132 in
866 1068 884 1130 o
906 1063 1065 1153 reperitur
1092 1059 1128 1123 in
1149 1053 1328 1143 προτάνιος

233 1188 333 1256 Lesb.
357 1181 458 1265 2166,
481 1181 543 1260 33,
566 1175 606 1240 de
628 1197 693 1262 quo
712 1169 806 1238 uelde
828 1167 905 1234 lieet
924 1165 1089 1249 dubitare,
1118 1181 1217 1248 quum
1239 1155 1328 1241 πρύ-

231 1317 316 1366 τανις
336 1286 371 1352 in
392 1282 556 1364 Cunnum,
577 1276 749 1361 πρυτανηῗᾱ
769 1271 805 1336 in
826 1267 925 1336 Lesb.
949 1265 1033 1334 2189
1054 1264 1189 1350 legatur.

713 1509 744 1604 ς.
781 1513 831 1579 rs.

649 1657 709 1707 nc
734 1653 753 1704 ai
781 1663 848 1716 pro
874 1649 903 1716 ἦ.

320 1805 356 1886 1)
377 1800 496 1867 Aeolus
519 1793 634 1862 Asiani
657 1815 715 1881 pro
736 1791 768 1866 ἦ,
791 1787 879 1877 quod
899 1786 996 1851 lones
1017 1794 1048 1848 ct
1065 1779 1168 1846 Attici
1188 1777 1325 1852 babent,

236 1904 400 1995 antiquius
421 1902 555 1986 longum
574 1898 673 1959 sinon
689 1893 796 1958 minus
813 1897 993 1964 servarunt,
1023 1909 1118 1975 (prum
1139 1879 1282 1970 genuina
1297 1875 1326 1966 ¹)

236 2008 356 2074 Dorica
374 2002 531 2068 dialectos
546 2009 578 2062 et
589 1995 753 2063 Boeotios.
801 1991 839 2056 In
854 2014 892 2054 eo
909 1999 1033 2053 tanturn
1049 1987 1214 2067 differunt,
1236 1981 1336 2071 «prod.

237 2105 428 2196 inpensis,
451 2111 607 2190 sequente
630 2097 755 2184 liquida
777 2092 958 2182 duplicata,
991 2097 1172 2176 correptum
1194 2087 1214 2148 ἄ
1235 2107 1328 2173 prse-

237 2209 329 2288 bcnt,
351 2216 387 2270 ut
410 2205 505 2284 ἡμεῖς,
531 2204 604 2282 ἁμὲς
624 2199 721 2276 Dor„
747 2197 853 2279 ἄμμες,
876 2191 943 2258 vid.
968 2185 998 2276 ἓ.
1021 2191 1056 2272 8,
1078 2189 1112 2252 in
1132 2187 1219 2271 aliis,
1242 2209 1329 2274 quae

238 2310 317 2376 olim
338 2307 499 2396 digamma
521 2302 725 2388 interjectum
746 2299 921 2378 habebant,
944 2293 982 2362 ’ἆῖ
999 2316 1056 2383 pro
1078 2289 1201 2354 Dorico
1221 2295 1329 2376 {apro-

238 2413 366 2489 l'erunt,
397 2417 434 2471 nt
454 2401 535 2482 η’ὠς,
570 2401 652 2479 sisic,
676 2399 777 2484 ἆύως,
800 2399 867 2464 vid.
891 2393 922 2486 ἓ.
946 2397 983 2474 5,
1007 2395 1044 2472 5,
1066 2391 1206 2480 denique
1227 2389 1329 2454 inter-

221 2515 317 2578 ‘durn
341 2511 375 2581 ᾗ
396 2533 455 2599 pro
482 2505 608 2592 vulgari
637 2513 678 2584 ἢ,
709 2499 831 2565 Dorico
862 2503 900 2582 ἀ,
936 2507 971 2561 ut
998 2493 1147 2570 θνήσκω,
1181 2489 1328 2570 uadoso,

239 2617 393 2680 θναίσκω.
416 2608 483 2676 vid.
507 2601 621 2694 §.15‚
651 2606 682 2670 3.
727 2603 926 2690 Plerumque
946 2609 1054 2664 tantus
1077 2597 1161 2660 inter
1181 2595 1239 2658 bas
1260 2593 1329 2658 dia·

240 2719 343 2783 lectos
365 2723 414 2776 cst
435 2731 634 2786 consensus,
660 2716 694 2768 ut
716 2729 757 2768 ex
776 2705 875 2768 altera
896 2702 937 2765 ud
958 2703 1088 2765 alterum
1111 2696 1330 2780 conjecturam

241 2817 347 2879 lacere
368 2811 475 2874 liceat.
519 2805 714 2869 Accusatius
737 2805 777 2866 de
798 2802 1010 2890 gravissimae
1031 2795 1217 2862 mutationis
1231 2795 1328 2879 lrujus

242 2900 374 3002 legibus
396 2905 614 2999 quaerendum
636 2915 703 2980 cst,
735 2927 833 2990 quum
855 2903 895 2966 dc
917 2900 1037 2964 Dorica
1058 2897 1195 2960 dialecto
1216 2893 1329 2982 dispu-

242 3015 395 3081 tabimus.
440 3007 537 3074 Nunc
565 3004 642 3070 satis
671 3004 732 3068 erit
759 3027 795 3068 cs
818 3003 949 3083 alterae,
979 2999 1065 3065 uude
1086 2995 1240 3063 Aeolieac
1260 2995 1327 3061 dia-

244 3119 328 3183 lecto
350 3135 425 3178 eum
446 3109 566 3174 Dorica
588 3089 768 3172 convenire
783 3113 943 3194 appareat.

229 3239 232 3245 ’
260 3217 264 3226 ’
328 3216 364 3295 2)
393 3211 436 3276 ln
467 3207 652 3273 universum
678 3205 815 3270 Aeolica
844 3205 1001 3270 dialectos
1021 3227 1096 3268 cum
1117 3201 1237 3266 Dorica
1258 3225 1327 3268 eant

245 3316 356 3406 legem
378 3310 546 3402 sequitur,
573 3319 610 3372 ut
632 3311 651 3371 ἆ
672 3317 797 3390 teneat,
829 3305 887 3371 ubi
908 3305 1056 3370 lonicum
1076 3305 1095 3384 ᾗ
1117 3329 1157 3370 cx
1180 3309 1200 3366 ἇ
1220 3313 1327 3368 natum

171 3445 176 3451 ·
248 3429 309 3486 est.
356 3415 407 3482 Ea
427 3411 540 3500 regula
561 3409 646 3478 valet
667 3409 702 3472 in
724 3409 940 3474 declinatione
963 3407 989 3471 l.
1014 3417 1046 3472 ct
1066 3405 1233 3491 adjectivis
1253 3403 1327 3470 iude

249 3518 421 3600 derivatis,
452 3525 488 3580 ut
515 3511 668 3596 φωνάεις,
700 3509 820 3593 iocoue
842 3508 964 3598 Suppli.
987 3508 1040 3574 63.
1062 3507 1124 3585 66,
1159 3505 1272 3572 deiude
1290 3504 1328 3570 itt

249 3631 420 3710 augmento
450 3613 628 3704 syllabico,
663 3620 700 3674 ut
728 3602 800 3691 ἆγον
829 3608 865 3674 S.
888 3612 928 3692 l,
949 3609 990 3694 9,
1018 3619 1087 3674 tum
1116 3607 1152 3674 in
1181 3606 1327 3674 omuibus

322 3781 535 3801 -..-'--..........-

287 3895 315 3960 l)
350 3889 502 3947 Genuinam
520 3886 653 3940 Doricum
671 3885 818 3941 dialectum
844 3903 903 3941 eam
926 3899 1068 3952 vocamus,
1095 3897 1166 3950 quac
1195 3881 1222 3932 in
1246 3877 1329 3935 titulis

253 3995 308 4034 non
326 3977 408 4030 nimis
426 3973 581 4028 recentibus
604 3983 632 4026 et
657 3971 686 4024 in
703 3973 885 4044 scriptoribus
910 3973 1111 4041 antiquioribus
1129 3985 1195 4022 vere
1213 3966 1327 4036 Doricis,

254 4063 371 4119 maxime
389 4061 556 4131 Epicharmo
575 4069 602 4113 et
618 4059 765 4129 Sophrone
786 4059 970 4130 conspicitur3
997 4057 1163 4112 Theocritus
1184 4063 1211 4106 et
1229 4051 1328 4121 Pytha-

253 4148 332 4220 gorei
353 4145 449 4200 fictitia
471 4145 588 4214 quadam
613 4145 733 4200 dialecto
756 4155 868 4201 utuntur
892 4156 921 4200 et
944 4146 1092 4216 praecipue
1112 4145 1129 4197 ἃ
1148 4156 1200 4211 pro
1218 4139 1234 4206 ἢ
1250 4153 1328 4208 steps

254 4243 359 4310 ponunt
375 4243 469 4288 contra
486 4231 666 4288 certissimum
682 4231 797 4301 genuini
816 4233 940 4287 Dorismi
959 4249 1044 4287 usum.
