2862 4770
327 340 360 434 §.
383 341 443 416 26.
497 341 553 413 Do
580 367 613 416 so
635 351 672 410 ct
698 367 737 408 εω
761 335 969 410 contractis.
1118 331 1195 410 207

110 543 255 632 λεοομμίς
282 541 406 634 (potius
438 538 606 625 tnovpydc,
640 538 706 604 vid.
729 538 761 620 δ.
785 535 848 620 24,
870 539 925 622 7),
959 539 1046 626 quod
1075 541 1197 610 diserto

109 646 222 716 Pontii
248 643 437 712 testimonio
458 667 485 708 s.
510 667 542 708 v.
566 640 698 723 λεωργός
718 639 877 706 Doricum
905 663 977 706 esse
998 640 1118 710 dicitur
1138 669 1198 734 pro

106 753 169 818 hec
189 747 300 814 Attico
322 769 421 830 voce,
445 742 599 827 φρούριον
621 742 729 808 Diod.
751 743 846 809 2905.

193 849 357 916 Addimus
379 845 555 938 qunedem,
590 845 711 934 quibus
734 845 768 908 iu
793 843 955 910 severiore
975 843 1100 912 Doride
1121 872 1198 914 con·

109 963 229 1022 urens
256 953 376 1018 termes
403 947 637 1038 respondentes
667 969 732 1011 nou
763 945 969 1030 invenimus,
1011 949 1087 1036 quis
1119 951 1199 1018 lineo

110 1055 305 1122 solutionem
337 1051 446 1141 potius
477 1051 642 1116 servabat:
688 1051 763 1132 ῥοῦς
790 1046 956 1137 Mcgslop.
989 1049 1091 1134 1534,
1124 1057 1199 1129 νοῦς

109 1157 231 1248 Epicu.
263 1154 342 1238 117,
377 1153 469 1228 ἄνους
496 1154 641 1218 Acheru.
672 1149 754 1232 702,
788 1149 892 1225 edrone
918 1149 1066 1238 Mopse,
1100 1152 1195 1222 Chat.

110 1259 216 1340 1567,
251 1257 372 1346 Deipln
395 1255 436 1324 67
459 1255 522 1338 R„
563 1253 712 1340 Gslymn.
736 1251 840 1332 2671,
879 1250 1042 1318 Ἀλκίνοον
1059 1252 1195 1346 Corcyr-

110 1361 214 1438 1838,
238 1361 375 1434 είςπίουν
394 1355 610 1438 Messembr.,
633 1357 757 1420 διπλοῦν
781 1353 883 1421 Ther.
907 1353 1078 1441 vl1,28,
1109 1361 1200 1424 Σολί-

108 1488 185 1538 νους
213 1474 257 1532 et,
270 1461 417 1542 Ὀπους,
455 1457 663 1524 Σελινούντιοι
684 1469 716 1522 et
736 1454 918 1522 ’Onoimoo
939 1479 1011 1522 cum
1035 1458 1198 1526 similibus

110 1564 243 1645 multis,
265 1561 331 1628 rid.
347 1565 378 1645 ᾗ.
396 1561 430 1642 6,
445 1561 480 1643 d,
503 1564 657 1642 Αρυοῦοα
672 1558 779 1624 Rhod.
798 1557 882 1626 2905
904 1582 922 1624 e
944 1558 1114 1645 Λρυόοσσο
1135 1574 1198 1630 eto.

24 1687 41 1720 0
111 1666 314 1732 Adversstur
335 1667 471 1748 τυρῶντα
493 1660 609 1751 Sophr.
634 1662 694 1746 32,
726 1662 821 1748 cujus
848 1659 1011 1726 inlocum
1034 1685 1074 1730 eo
1094 1662 1199 1730 liben-

112 1767 179 1856 tius
200 1765 347 1850 sopiens
376 1763 619 1854 rescripserim,
653 1763 740 1853 quod
763 1762 962 1829 Theocritus
983 1763 1020 1845 1,
1043 1765 1085 1833 58
1112 1767 1200 1833 solu·

111 1881 178 1936 nm
199 1870 334 1934 formem
364 1865 444 1932 sdeo
476 1865 654 1954 praetulit,
686 1877 722 1932 ut
753 1863 897 1954 syniuesi
926 1887 1010 1954 opus
1040 1867 1094 1934 sit.
1148 1868 1200 1934 De

112 1971 199 2038 erasi
221 1967 402 2037 videbimus
424 1968 455 2052 5.
479 1966 532 2036 27.

601 2174 633 2256 ς.
656 2171 709 2239 eo.

426 2311 486 2362 ne
510 2325 538 2360 εο
564 2313 602 2360 et
624 2326 656 2360 ee
681 2313 890 2364 contractis.

199 2429 236 2518 1)
280 2429 427 2520 Insignis
449 2429 484 2495 in
506 2433 567 2496 hoc
588 2429 662 2497 loco
683 2432 820 2496 varietas
842 2431 1066 2522 conspicitur,
1102 2461 1201 2526 quum

113 2533 244 2600 vocales
267 2557 298 2598 eo
320 2531 405 2622 spud
418 2531 599 2599 Dorienses
620 2541 675 2596 out
696 2555 761 2596 non
784 2543 965 2598 contrectes
986 2535 1202 2626 reperientur,
1303 2615 1310 2626 .
1423 2543 1424 2588 ἒ

114 2648 171 2702 cut
193 2636 227 2700 in
252 2660 307 2712 ου,
331 2659 384 2718 ev,
408 2661 456 2713 ιο,
481 2661 537 2712 ιω,
562 2661 597 2712 ο,
621 2659 645 2696 ω
668 2645 826 2718 mutatae,
859 2633 976 2700 deinde
1008 2661 1047 2700 sor
1078 2649 1134 2704 eut
1155 2640 1204 2705 in·

114 2747 227 2828 tegete
249 2747 304 2802 ent
325 2737 358 2801 in
383 2761 419 2798 ιω
441 2733 494 2802 rel
518 2761 541 2798 ω
564 2746 714 2801 mutatae.
791 2767 793 2772 ¹

203 2839 349 2904 Primum
372 2862 404 2903 so
426 2837 460 2902 iu
480 2863 508 2902 ιο
531 2839 583 2903 rel
602 2863 658 2915 ιω,
683 2851 715 2902 et
736 2861 775 2901 so
797 2835 832 2902 iu
855 2863 892 2902 ιω
913 2837 998 2926 apud
1021 2863 1077 2905 eos
1099 2841 1205 2908 solum

116 2951 302 3023 mutentur,
325 2940 382 3032 qni
404 2940 565 3006 severiore
580 2939 713 3005 Doridis
736 2964 855 3030 genere
873 2951 1019 3026 utuntur,
1042 2942 1205 3028 Lacones,
1252 2927 1254 2936 Ι

115 3043 263 3110 Itsiiotss
295 3055 327 3108 et
356 3042 541 3108 Cretenses.
597 3041 761 3108 Laconica
792 3055 868 3108 suut
897 3043 931 3108 in
954 3043 1088 3136 antiquo
1110 3045 1206 3112 titulo

118 3143 235 3210 Lenisii
259 3170 308 3210 nr.
332 3143 371 3210 71
397 3143 541 3230 innoxios
561 3167 621 3234 pro
643 3145 810 3230 ἡνιοχέων,
833 3143 867 3210 in
888 3143 1070 3234 Lysistratus
1091 3172 1120 3212 v.
1147 3149 1207 3216 198

118 3249 246 3312 ἐπαινίω
278 3249 328 3328 (nt
349 3245 538 3312 Diodorfius
568 3247 603 3312 in
632 3245 775 3314 editione
799 3247 983 3315 Oxoniensi
1013 3263 1099 3316 recte
1128 3249 1208 3314 scri·

119 3349 188 3439 psit
208 3373 268 3440 pro
290 3351 431 3428 ἐπαιοιῶ)
462 3373 521 3438 pro
543 3345 697 3425 ἐπαινίω,
730 3349 811 3416 1305
834 3351 984 3430 ὑμνίωμες
1016 3347 1107 3434 (item
1129 3350 1206 3416 olim

120 3453 288 3533 ὑμοιοῖμες)
310 3475 369 3540 pro
391 3453 564 3534 ὑμνίωμεν,
596 3449 679 3517 1002
698 3453 858 3535 μογίομες,
889 3451 970 3518 11113
993 3454 1201 3537 λυχνοφορίον

119 3577 189 3638 τες,
212 3553 296 3623 1118
319 3551 493 3635 ἀδικίομες,
517 3552 604 3643 quod
626 3551 816 3618 Diodorflus
838 3577 899 3642 pro
922 3552 1085 3635 ἅδικοῦμες
1107 3577 1124 3618 e
1145 3553 1208 3618 Rs·

119 3651 270 3722 teudntis
293 3653 432 3720 lectione
457 3652 633 3736 ἆὸικιοῦμες
662 3667 749 3721 recte
776 3643 928 3720 restituit.
994 3653 1068 3720 Nou
1094 3655 1210 3722 ‘minus

120 3757 157 3824 iu
179 3755 390 3846 Hippocratis
413 3755 563 3848 Spartani
585 3755 743 3846 epistole,
766 3781 861 3847 quem
884 3755 919 3821 in
941 3756 1134 3848 Appendice
1157 3781 1210 3824 ex·

121 3858 322 3941 lribebimus,
345 3855 472 3926 ebonis
495 3858 589 3924 libris
610 3859 797 3926 restitutum
816 3869 866 3924 est
886 3856 1064 3946 ἀπορίομες.
1098 3859 1211 3928 Gram-

122 3961 261 4028 maticus
283 3960 457 4050 quids1n1)
479 3959 589 4026 testori
610 3960 756 4046 videtur,
788 3961 935 4028 Lacones
957 3963 1051 4046 ὁμοίω
1074 3961 1210 4046 dixisse,

123 4129 383 4140 ...μα--

159 4225 187 4292 1)
225 4223 270 4278 m.
291 4223 325 4276 G.
345 4223 481 4288 311,11,
512 4219 560 4288 qui
585 4220 663 4274 locus
689 4219 791 4276 misere
816 4222 928 4278 mutilus
952 4223 981 4276 in
1008 4223 1080 4278 burro
1103 4223 1212 4278 modom
