2778 4748
237 337 313 417 564
538 331 709 410 Addeutla
733 345 770 406 et
789 327 1025 433 Corrigenda

241 567 315 612 rum
340 537 523 610 Ἱπποκλέαν
551 539 678 608 dicunt.
714 537 878 630 -Apparet
906 549 1036 624 autem,
1073 537 1297 606 scholiasten
1327 539 1364 606 il

241 669 361 715 nomen
381 668 448 711 aon
469 667 488 710 e
509 643 605 710 docta
625 641 766 734 quam
786 639 983 719 traditione,
1015 640 1075 707 scol
1097 665 1140 709 en
1162 640 1248 732 ipso
1271 641 1361 708 Pin-

242 749 321 816 ‹laro
342 745 503 813 hausisse.
555 743 626 810 vix
652 755 761 810 tamen
789 754 879 810 recte
904 742 1104 833 collegeris,
1138 767 1220 810 eum
1244 744 1358 812 altus

240 851 315 918 loco
326 847 510 914 Ἱπποκλέαν
530 845 687 937 scriptum
709 845 897 931 invenisse3
926 845 984 912 sed
1006 867 1108 935 quum
1128 845 1232 936 prior
1253 846 1356 913 locas

242 953 283 1018 dc
303 950 447 1017 nominis
468 951 573 1016 torma
594 948 706 1016 testari
728 946 917 1031 videretur,
950 947 1088 1014 alterum
1110 949 1230 1014 minus
1253 971 1355 1014 cura·

239 1055 299 1122 vit.
342 1052 562 1144 Antiquiorcs
583 1052 688 1136 illos,
721 1051 779 1140 qui
801 1049 940 1116 Pindari
962 1051 1106 1117 carmina
1127 1051 1354 1142 collegerunt

240 1165 273 1222 et
300 1155 564 1246 inscripserunt,
606 1165 663 1221 aut
683 1175 737 1220 eas
761 1153 867 1219 solum
897 1153 1019 1218 iormas
1046 1153 1171 1244 legisse
1191 1177 1290 1244 qnae
1311 1154 1351 1220 al

238 1259 476 1326 nominativum
502 1259 671 1334 Ἱπποκλῆς
699 1255 816 1322 reierri
844 1266 1004 1344 possent,
1042 1265 1098 1320 aut
1123 1257 1188 1322 lsoc
1222 1281 1349 1324 nones

239 1372 273 1426 et
288 1359 475 1434 Ἱπποκλέας
495 1381 563 1424 nou
584 1355 715 1424 diversa
737 1356 967 1436 existimasse,
1008 1357 1142 1447 antiqua
1165 1359 1349 1448 inscriptis

237 1463 396 1528 ‘quostai
414 1461 578 1552 patefacit.
624 1459 718 1544 Quae
739 1483 841 1549 quum
862 1457 907 1522 its
930 1457 1019 1542 sint,
1053 1483 1169 1549 parum
1190 1463 1347 1527 cante‘u

238 1587 338 1656 agere
351 1563 499 1648 violetur,
522 1563 581 1653 qui
601 1564 704 1631 altero
726 1562 800 1629 loco
820 1561 949 1627 literam
973 1562 1046 1628 sine
1066 1561 1166 1629 libris
1188 1562 1346 1630 addendo

237 1665 457 1733 accusativum
476 1665 661 1731 Ἱπποκλέαν
682 1665 818 1750 efficiat3
847 1685 922 1728 nam
942 1661 1129 1746 Ἱπποκλέᾶ,
1151 1665 1248 1754 quod
1267 1689 1345 1756 pro·

237 1768 431 1860 posuimus,
461 1767 589 1834 etiamsi
607 1767 718 1860 priore
739 1768 813 1835 loco
833 1765 1000 1847 Ἱπποκλέᾳ
1020 1775 1154 1852 teneas,
1190 1791 1263 1834 uon
1283 1767 1342 1833 mi·

237 1895 302 1938 uus
328 1869 409 1937 ferri
437 1881 567 1960 potest,
604 1895 703 1961 φιαοι
733 1869 768 1936 in
796 1867 909 1935 eadem
935 1866 1103 1936 Plutarchi
1130 1871 1342 1961 paragraph

239 1967 267 2038 oi
283 1973 470 2055 Πατροκλέα
491 1985 525 2040 et
540 1973 759 2060 Πατροκλέους
774 1970 892 2058 juncta
912 1979 1001 2035 sunt.
1044 1969 1164 2060 Neque
1184 1971 1232 2037 G.
1259 1973 1339 2037 ller-

237 2099 379 2143 maunus
400 2075 585 2142 audiendus
607 2087 681 2160 est,
716 2097 817 2164 quum
839 2071 875 2138 in
895 2071 1192 2139 Emendationilns
1213 2074 1338 2140 Pinda-

236 2177 317 2243 ricis
332 2175 508 2242 dictionem
529 2177 690 2266 poeticam
711 2175 888 2242 articulum
908 2173 963 2240 τὸν
975 2175 1156 2242 Ἱπποκλέαν
1177 2199 1251 2242 non
1275 2179 1337 2244 fer

235 2299 271 2345 re
300 2277 452 2368 opinatus
478 2277 532 2342 κᾶν
554 2278 722 2343 Ἱπποκλέα
745 2275 779 2342 o’
801 2275 847 2341 ἔτι
873 2275 1030 2368 scripsit,
1070 2287 1105 2342 at
1125 2275 1336 2368 llippoeleas

234 2389 327 2471 peter
347 2378 462 2446 eodem
484 2379 617 2448 nomine
637 2403 721 2447 usus
742 2379 798 2446 sit.
864 2378 944 2446 Sola
965 2379 1053 2446 enim
1074 2378 1195 2467 Pythia
1227 2381 1336 2472 pula-

237 2483 353 2550 stranti
373 2482 436 2548 tria
455 2483 588 2550 articuli
609 2505 685 2550 cnm
706 2481 896 2550 nominibus
914 2481 1026 2569 juncti
1046 2483 1198 2570 exempla
1219 2505 1261 2550 se
1282 2485 1335 2552 ob·

235 2585 406 2653 tulerunta
450 2585 511 2671 ll,
535 2587 577 2654 73
609 2587 627 2651 6
654 2585 904 2669 Ῥαδάμανθυς,
947 2583 1010 2669 lv,
1031 2583 1074 2650 66
1104 2585 1125 2648 ἶν’
1151 2609 1186 2650 rs
1216 2587 1333 2672 flues,

233 2685 309 2772 xl,
333 2686 374 2754 59
401 2685 455 2754 τὸν
474 2685 662 2772 Ἰφικλείδαν
681 2684 814 2754 Ἰόλαον.
869 2686 986 2753 Restat
1007 2695 1044 2751 ut
1064 2685 1106 2752 sle
1126 2686 1243 2776 priore
1262 2689 1333 2756 locs

235 2787 394 2855 dicamus.
426 2787 494 2856 Ubi
516 2789 546 2856 si
568 2790 645 2880 quis
665 2787 1015 2857 traditam'lectionem
1034 2788 1204 2856 mordicus
1224 2803 1332 2858 tenue

233 2889 335 2973 velit,
365 2913 454 2956 nunc
475 2891 609 2982 quidem
629 2915 698 2960 non
718 2891 911 2960 conabimur
932 2913 1004 2958 eam
1023 2901 1062 2957 nt
1081 2890 1255 2960 barber-an
1272 2917 1331 2984 per

232 2988 300 3058 vim
326 2989 477 3080 eripere,
520 2994 776 3062 collectionem
798 3004 964 3080 nostram,
1004 3017 1089 3085 quae
1109 3019 1152 3060 ne
1176 3019 1242 3062 naa
1260 2996 1328 3086 qai·

234 3091 309 3158 uem
330 3092 426 3159 litera
448 3103 568 3161 mutata
589 3095 839 3164 insolentiorcm
860 3107 902 3162 ct
913 3119 975 3187 pro
996 3095 1111 3163 aetatis
1132 3103 1265 3166 ratione
1278 3121 1327 3164 aa·

233 3203 377 3285 spectum
405 3196 551 3264 nominis
578 3198 715 3264 formam
736 3221 876 3290 eamque
901 3221 1016 3288 parum
1037 3199 1197 3266 munitam
1225 3225 1328 3269 reno

231 3307 309 3381 vet,
340 3295 526 3367 etiamnunc
547 3299 646 3369 nobis
667 3325 735 3368 non
756 3300 935 3391 displicere
955 3299 1062 3366 libere
1082 3301 1288 3389 prolitenar.

316 3399 414 3488 Peg.
440 3399 502 3469 166
531 3402 556 3469 l.
580 3402 631 3470 15.
682 3403 781 3470 Adde
801 3407 909 3477 Βοῖλνς
931 3399 1100 3469 Cretensis
1121 3425 1246 3470 nomen
1266 3405 1326 3472 Pa·

230 3499 302 3589 lyla.
326 3501 431 3580 v111,
455 3503 497 3570 17
526 3504 551 3570 i.
576 3527 607 3571 e.
629 3509 785 3584 Βουλλας,
828 3523 937 3594 neque
962 3503 1060 3571 credo
1088 3505 1130 3570 ab
1157 3505 1326 3576 fler-olata

230 3601 316 3680 Vll,
334 3604 397 3670 134
417 3604 524 3671 uirum
542 3605 739 3698 Spartanum
755 3607 849 3695 justa
869 3603 1014 3672 nominis
1035 3607 1142 3676 torna
1162 3609 1325 3680 Laconica

230 3707 346 3769 Βοῦλιν
365 3707 535 3796 appellari·

315 3805 409 3896 Peg.
434 3808 494 3877 161
523 3809 549 3876 1.
573 3807 626 3878 13.
670 3808 724 3877 De
744 3814 943 3900 aupoelioaoc
962 3811 1007 3881 ci.
1031 3814 1145 3907 Bergk
1164 3815 1209 3884 sle
1229 3819 1320 3910 reliq.

230 3929 315 3975 com.
338 3909 410 3974 Art.
439 3933 473 4000 p.
496 3909 572 3979 ⁴31.
1184 3919 1187 3930 '

313 4009 420 4076 ibid.
444 4023 525 4080 not.
550 4013 674 4081 Eadem
695 4017 868 4087 uniuntur
887 4021 926 4088 in
941 4019 1094 4090 Auectld.
1111 4019 1240 4089 Periss-
1262 4023 1320 4090 ill.

228 4132 262 4201 p.
287 4111 372 4196 344,
403 4137 446 4181 ne
467 4113 521 4181 hic
542 4117 676 4208 quidem
698 4119 838 4212 integra.

313 4213 408 4305 Pag.
434 4215 496 4282 162
526 4217 550 4283 l·
575 4221 617 4286 10
637 4243 752 4314 seqq.
796 4223 899 4314 Apud
920 4223 1158 4296 Callimachum
1177 4225 1260 4294 talia
1277 4227 1319 4296 le·
