2862 4770
237 371 313 447 mo
619 369 676 442 oe
701 307 950 443 reclinatione.

237 579 336 644 veuit.
380 573 571 666 Epicharmi
592 574 775 665 fragmento
795 575 887 643 illem
918 576 1022 644 solem
1054 579 1217 666 offerunt,
1247 583 1341 650 11·.9

238 681 378 763 ῥίνεσσι,
424 675 488 744 156
523 675 805 764 γιναιιιάνδρισσι,
850 678 938 768 opud
971 677 1176 770 Sophronem
1217 683 1259 748 lr.
1293 685 1340 754 99

237 791 288 846 eet
318 775 622 866 τρημιιιιζόιτεσσι,
664 779 752 868 opud
791 779 1025 848 Archimedem
1063 783 1197 873 longior
1231 785 1339 852 forme

236 880 384 950 breviore
416 880 620 968 frequentior
648 891 717 965 eet,
759 893 796 948 nt
825 881 866 947 de
895 881 973 950 llel.
1006 907 1040 974 p.
1071 887 1135 952 217
1167 889 1339 970 κομισθέν·

236 1007 345 1059 cenot,
379 1008 412 1072 p.
441 981 507 1050 226
535 981 794 1065 διαστημάιισσιν
828 981 933 1070 (unde
964 986 1112 1077 corriges
1142 990 1339 1072 διαστήμασ-

238 1108 288 1149 σιν
318 1108 353 1175 p.
375 1083 451 1151 253.
473 1083 572 1166 254),
611 1083 716 1152 Aren.
745 1109 778 1175 p.
801 1086 862 1153 331
896 1089 1192 1168 κεκοινωνηκόιεσσι
1221 1103 1256 1159 et
1283 1117 1338 1174 με·

236 1184 517 1269 ταλιλαβηιιόιισσι
542 1198 604 1251 etc.
660 1186 762 1277 Apud
790 1187 1018 1278 Thucydidem
1048 1191 1094 1276 V,
1123 1193 1167 1261 79
1193 1197 1338 1260 πολίεσσι

236 1299 287 1356 eet
307 1287 342 1354 in
364 1287 463 1354 honio
484 1286 600 1366 lihrie,
624 1288 713 1355 unde
733 1290 880 1382 corriges
901 1295 1021 1357 πολίεσι
1031 1291 1075 1372 V,
1087 1293 1141 1360 77.
1186 1295 1336 1364 Pseudo-

236 1389 436 1480 Pythegorei
458 1389 594 1458 condem
626 1392 763 1457 formem
791 1393 1023 1486 frequentent,
1058 1406 1094 1460 nt
1114 1397 1280 1489 Archytas
1302 1401 1334 1467 in

238 1491 331 1559 Stob.
365 1491 483 1559 Florll.
511 1492 624 1578 1,74.
654 1493 697 1561 79
727 1491 895 1574 πάντεσσι,
929 1496 1000 1578 Ill,
1029 1495 1073 1565 76
1099 1502 1334 1592 peroptimum,

238 1593 494 1682 ἇνρσιιμάτισσι,
529 1595 762 1681 πραγμάτισσιν
793 1607 856 1664 etc.
911 1597 1009 1664 lleud
1040 1623 1113 1668 raro
1144 1603 1282 1674 alterum
1317 1633 1336 1673 σ

236 1695 396 1762 omissum
418 1706 488 1775 cot,
510 1707 547 1764 nt
566 1696 753 1782 παρεόντισι
774 1697 883 1784 CXV,
905 1701 968 1786 27,
990 1703 1183 1788 θριμμὸιτισι
1205 1707 1336 1795 XLVl,

236 1799 276 1865 61
295 1771 357 1864 elo.
369 1844 380 1879 ,
403 1821 487 1890 quoe
509 1821 576 1866 non
595 1799 703 1866 minue
725 1801 807 1868 delen
829 1815 906 1870 eunt
928 1827 1024 1896 quern
1044 1807 1242 1890 μαθημᾶτισι
1265 1811 1334 1899 111,

236 1897 299 1984 76,
332 1899 385 1966 cui
407 1923 495 1967 nnnc
516 1923 536 1968 e
557 1901 628 1969 cod.
653 1904 685 1968 A
707 1904 842 1970 alterum
866 1931 886 1971 σ
906 1907 1055 1974 accessit.
1112 1909 1215 1979 Recte
1236 1915 1335 1983 etiem

237 2001 357 2066 πσλὶισι
378 2000 478 2068 Pind.
505 2003 604 2092 Pyth.
628 2003 715 2088 vlt,
737 2007 759 2073 9
779 2031 799 2072 e
816 2007 987 2078 dioeclrhio
1010 2010 1195 2082 demnatum
1218 2029 1279 2084 eet.

320 2101 361 2168 ln
392 2103 515 2171 tubulis
547 2103 827 2176 Heracleensihne
858 2112 1043 2181 terminatio
1081 2115 1231 2206 ιισσι(ν)
1265 2119 1333 2188 sole

236 2203 416 2290 repetitura
440 2204 583 2271 ἕντασσιν
604 2206 640 2291 Ι,
663 2207 705 2274 56
725 2233 786 2298 pro
810 2206 900 2290 οὖσι,
923 2214 1176 2302 ὑπαρχόνιασσιν
1196 2221 1234 2305 Ι,
1258 2224 1331 2302 127,

236 2303 476 2388 πρασσόνιασσι
497 2308 535 2392 l,
560 2307 641 2393 110,
674 2311 858 2378 ποιόντασσι
877 2315 961 2400 1,2
992 2317 1047 2400 (de
1077 2331 1095 2384 ν’
1124 2323 1228 2404 ι’φελιι.
1258 2326 1332 2394 vide

236 2409 269 2491 ξ.
293 2405 448 2496 10‚12).
480 2451 523 2463 --
564 2411 638 2479 dem
668 2413 789 2502 igitur,
824 2440 927 2506 quum
956 2417 992 2484 in
1020 2419 1128 2490 titulis
1149 2424 1332 2494 Alexandri

236 2519 372 2576 oetatem
394 2514 624 2602 superantibus
647 2517 717 2582 sole
737 2516 870 2607 longior
889 2521 1077 2590 terminatio
1099 2549 1177 2590 σσσι
1194 2530 1245 2595 vel
1263 2554 1332 2596 ισσι

237 2611 436 2704 reperietur,
458 2637 566 2706 neque
588 2617 684 2684 aliter
704 2619 790 2708 epod
806 2621 1060 2712 Epicharmum,
1083 2627 1232 2696 dnhitnre
1254 2631 1332 2700 lieet

236 2738 277 2778 en
309 2714 440 2783 brevior
467 2719 652 2786 terminatio
683 2747 716 2786 σι
746 2723 928 2790 recentiore
959 2725 1088 2796 demum
1119 2741 1265 2823 tempore
1295 2737 1330 2802 iu

235 2813 395 2884 Doridem
428 2817 554 2888 invectu
584 2834 617 2887 et
636 2825 741 2909 χερσίν
762 2825 848 2914 apud
870 2825 1075 2918 Sophronem
1096 2855 1156 2922 pro
1178 2851 1331 2929 corrupto

235 2916 419 2984 habendum
449 2919 503 2986 eit.
561 2923 627 2992 Sed
658 2949 757 3014 quum
788 2939 924 3019 utreque
952 2934 1138 3002 terminatio
1156 2937 1226 3024 jem
1248 2941 1330 3008 anti·

236 3015 408 3106 qnioeimis
429 3021 631 3112 temporibus
653 3027 739 3116 opud
754 3029 896 3097 Graecos
918 3031 951 3097 in
975 3059 1037 3102 nen
1057 3039 1156 3104 luerit
1178 3052 1210 3106 et
1228 3067 1328 3134 quum

235 3119 359 3186 Aeolee
381 3143 511 3212 qnoque
534 3135 669 3216 utreque
691 3131 805 3197 eodem
827 3145 972 3225 tempore
994 3139 1047 3204 nei
1070 3141 1155 3225 sint,
1175 3142 1241 3210 vid.
1256 3145 1329 3212 1..1

235 3218 267 3302 5.
290 3221 344 3300 23,
367 3221 410 3308 3,
433 3223 610 3316 quidquam
633 3231 789 3300 affirmare
812 3259 877 3302 non
900 3237 1070 3306 eudemon.

319 3325 490 3393 Postremo
514 3329 548 3394 in
570 3331 667 3398 titulo
689 3333 852 3426 Delphico
874 3363 924 3404 nr.
950 3342 1052 3428 1693,
1085 3345 1110 3411 1.
1132 3345 1164 3413 3.
1188 3348 1210 3414 7
1239 3351 1328 3418 etin

235 3425 405 3496 simillimo
426 3428 541 3498 Rossii
563 3435 686 3520 until,
707 3439 731 3504 1.
757 3439 808 3505 13.
831 3439 873 3506 25
895 3441 1052 3532 leguntur
1073 3446 1173 3516 dativi
1196 3449 1329 3534 ἀγῶνοις

234 3540 267 3592 et
288 3529 551 3617 ἐντυγχανόιτσις,
585 3535 618 3602 iu
641 3538 706 3606 olio
726 3539 911 3632 Delphico,
943 3570 1042 3637 quem
1064 3549 1168 3618 edidit
1189 3551 1326 3622 Curtius

234 3626 324 3695 Moe.
347 3631 454 3699 lihcn.
480 3635 565 3704 Nou.
596 3641 628 3706 ll
656 3665 689 3730 p.
715 3643 777 3710 114
797 3647 953 3727 Λαμιιόις
973 3675 1033 3740 pro
1055 3660 1232 3736 Λαμιιῡσι,
1254 3667 1328 3724 Λα-

233 3731 373 3811 μιιέσσι,
397 3745 430 3801 et
452 3736 485 3801 in
507 3739 701 3807 Aetolorum
725 3745 766 3810 od
788 3746 938 3817 Milesios
959 3751 1118 3844 epistole,
1142 3759 1240 3845 cnjus
1263 3761 1326 3828 ini·

233 3829 315 3897 tium
346 3841 486 3904 ecrvcvit
523 3841 759 3934 Aristophanes
794 3853 1023 3935 grammaticus
1056 3859 1143 3948 apud
1174 3859 1325 3932 Enetnth.

234 3955 267 4022 p.
291 3935 462 4023 279,10,
492 3941 668 4030 γερόντσις,
699 3952 863 4038 postremo
885 3957 1085 4042 παθημάισις
1107 3961 1142 4026 in
1164 3988 1261 4031 veron
1285 3965 1325 4032 nh

233 4033 346 4102 eodem
368 4037 588 4132 Aristophane
608 4047 723 4135 ellnto,
753 4075 851 4140 quem
873 4059 992 4128 comici
1017 4061 1188 4149 cujusdam
1210 4074 1326 4156 potitre

231 4161 304 4204 cese
333 4141 495 4210 hominem
517 4148 673 4216 Aetolum
705 4153 892 4224 inducentis
921 4161 1110 4232 hleinelrine
1138 4170 1325 4259 suspicetur

230 4250 280 4302 est
305 4237 431 4308 Corum.
463 4245 512 4312 lV
542 4273 575 4338 p.
598 4251 673 4320 626.
730 4255 804 4325 lem
838 4263 966 4350 egimue
998 4267 1040 4335 de
1071 4269 1236 4360 singulari
1267 4271 1324 4339 ille
