2742 4794
197 341 223 418 s
397 341 454 416 ο.
480 311 632 414 auaro
657 335 814 413 aeorum
837 277 1071 410 Arianodum
1183 335 1190 346 ·

199 540 323 630 vulgari
353 567 499 610 sermone
514 591 518 600 ·
535 542 642 608 nrirrus
673 554 758 608 certa
790 560 830 608 ea
866 539 998 607 arbitrio
1029 540 1076 606 uti
1108 539 1214 608 solent
1232 539 1281 615 ⁴).

165 637 168 646 '
200 641 349 741 Ceterum
379 644 572 710 Lesbiorum
601 650 765 734 paliurum
786 641 957 708 dialectum
984 643 1116 729 majoris
1137 642 1191 709 liic
1211 640 1287 708 illic

199 744 395 833 antiquitatis
416 745 550 834 vestigia
577 745 716 828 habere,
754 767 849 833 quam
878 767 959 832 quae
988 743 1023 808 in
1051 743 1154 808 titulis
1179 741 1286 808 multo

198 845 430 912 recentioribus
452 845 611 936 reperitur
637 846 723 927 (vid.
746 840 777 934 ἓ.
801 845 883 928 31),
905 843 1068 912 neminem
1089 844 1204 908 mirum
1226 845 1288 908 lra-

179 944 299 1011 'nebia
323 986 364 998 -
408 947 598 1034 Fragmenta
619 947 734 1013 Alcaei
763 957 795 1011 ct
826 943 996 1036 Sapphus,
1029 956 1181 1036 quantum
1209 943 1288 1008 lieri

196 1058 340 1138 poterat,
375 1048 506 1140 propria
531 1047 668 1116 dialecto
690 1047 853 1132 restituta,
888 1047 924 1112 in
945 1045 1138 1138 Appendice
1159 1043 1287 1111 addidi·

197 1171 280 1212 mus.
304 1185 345 1200 -

258 1250 428 1318 Praeterea
438 1250 595 1317 Lesbiaca
610 1249 746 1318 dialecto
766 1261 901 1318 utuntur
919 1247 1141 1317 Theocriti
1168 1244 1288 1336 idyllia

196 1349 240 1418 28
260 1363 293 1418 et
311 1353 372 1437 29,
401 1377 536 1442 quorum
558 1351 713 1418 dialectos
744 1378 763 1418 a
784 1353 955 1419 scholiasta
970 1357 997 1434 ⁵)
1027 1351 1163 1418 Aeolica
1188 1372 1286 1416 voca·

196 1462 260 1517 tar.
316 1453 498 1522 Dialectum
528 1453 563 1519 in
585 1454 693 1544 priore
714 1453 861 1518 codicum
882 1477 943 1543 ope
964 1453 1033 1518 lere
1054 1453 1210 1538 integram
1231 1474 1285 1515 rc·

196 1551 328 1619 stituare
349 1555 444 1640 lieet3
465 1578 567 1645 pauca
586 1579 653 1621 non
673 1554 829 1638 Aeolica,
852 1567 888 1620 ut
907 1553 992 1640 ἱερὸν
1011 1579 1071 1644 pro
1093 1552 1178 1634 ἶροο,
1200 1550 1285 1616 ἀπα-

195 1655 341 1736 λαλκέμεν
360 1681 420 1744 pro
442 1655 636 1736 ἆοαλάλκηο,
659 1667 795 1721 metrum
815 1667 942 1746 tuetur3
973 1657 1008 1728 ia
1029 1656 1130 1720 altero
1152 1652 1285 1743 saepius

195 1753 324 1820 codices
345 1753 506 1822 deserunt.
549 1757 620 1823 Nee
640 1757 757 1823 mirum
777 1769 874 1841 esset,
896 1757 925 1822 si
943 1757 1039 1822 etiam
1060 1753 1196 1845 saepius
1209 1753 1284 1820 imi·

194 1865 278 1920 tator
296 1879 409 1946 param
422 1858 592 1924 dialectum
609 1859 799 1924 Lesbiaearu
820 1863 886 1922 noa¹
903 1857 1125 1948 expressisset.
1170 1856 1281 1922 Etiam

194 1957 273 2020 lraec
294 1958 435 2024 carmine
455 1957 490 2024 in
504 1959 698 2050 Appendice
715 1957 930 2025 emendatiora
951 1959 1144 2026 addidimus.
1189 1959 1284 2044 Quae

194 2057 323 2144 vulgata
345 2071 455 2125 contra
476 2060 629 2127 Aeolieae
650 2061 779 2128 dialecti
807 2059 950 2129 indolem
982 2061 1017 2126 ia
1044 2061 1086 2126 iis
1114 2061 1283 2150 tegantur,

195 2181 291 2248 saepe
311 2159 406 2224 tacite
427 2161 641 2250 negleximus.

277 2255 318 2344 4)
354 2261 427 2327 Alii
457 2272 571 2353 poitae
598 2265 793 2331 carminibus
821 2265 890 2332 suis
919 2262 1049 2330 Derieis
1077 2261 1233 2330 nonnulla
1262 2285 1283 2329 e

194 2357 330 2426 dialecto
340 2360 498 2430 Lesbiaca
512 2363 803 2432 intermiscuerunt.
848 2368 1036 2449 Alcman,
1058 2364 1114 2454 qui
1129 2365 1285 2454 aerpol-

193 2459 283 2526 lonio
302 2461 447 2551 Dyscolo
468 2465 509 2532 de
528 2493 623 2557 pron.
646 2493 679 2558 p.
705 2467 766 2534 136
771 2517 782 2547 ,
805 2467 861 2534 ubi
882 2467 922 2531 de
943 2467 1102 2554 digamma
1123 2465 1281 2556 loquitur,

196 2567 328 2648 συνεχῶς
346 2568 502 2643 Αἰολὶζοον
522 2569 660 2652 dieitur,
693 2593 754 2635 nec
775 2569 882 2634 minus
903 2567 1132 2651 a·Prisciano,
1161 2570 1201 2633 de
1223 2591 1293 2634 eo-

194 2662 267 2728 dem
288 2665 447 2752 digamma
468 2681 581 2756 agente
604 2671 651 2750 (Ι.
674 2696 708 2759 p.
731 2673 785 2738 21.
807 2671 890 2751 22),
922 2669 1007 2736 inter
1033 2677 1145 2760 politas
1165 2670 1284 2736 Aeoli.

195 2785 251 2827 cos
265 2767 292 2844 θ)
314 2767 452 2832 refertur
473 2769 557 2848 (vid.
582 2764 612 2855 ξ.
635 2771 655 2834 5
676 2781 744 2835 not.
767 2773 788 2835 4
809 2782 842 2836 ct
865 2771 946 2854 12),
969 2771 1128 2859 digamma
1148 2770 1285 2860 quidam

193 2884 260 2928 nan
286 2863 394 2932 minas
415 2891 434 2932 a
454 2869 597 2934 Doribas
622 2869 763 2959 antiquis
791 2870 936 2959 accipere
962 2882 1106 2962 poterat,
1137 2872 1194 2938 sed
1215 2873 1284 2941 alia

194 2963 257 3029 sibi
277 2966 437 3035 concessit
457 2967 536 3035 solis
556 2969 689 3035 Asianis
708 2971 867 3038 Aeolilaus
888 2971 1030 3061 propria,
1052 2983 1088 3038 ut
1110 2976 1151 3038 od
1168 2998 1229 3065 pro
1250 2980 1282 3057 C,

193 3063 302 3148 ἔχοισα
322 3077 382 3136 ete.
395 3105 438 3120 -
478 3069 580 3136 Recte
600 3071 696 3136 ctiam
716 3072 927 3138 Pindarus
948 3085 981 3138 at
1001 3073 1121 3140 Dorica
1143 3085 1176 3140 et
1190 3075 1285 3142 Aeo-

194 3165 257 3236 lica
270 3167 407 3236 dialecto
422 3193 500 3238 usus
514 3195 584 3237 esse
599 3171 718 3239 dicitur
736 3173 776 3239 ab
790 3173 884 3240 Euat.
903 3199 938 3264 p.
955 3175 1049 3260 1702,
1065 3176 1085 3243 5
1107 3171 1166 3264 (cf.
1184 3177 1279 3246 Ann.

195 3266 258 3334 ssa.
284 3268 424 3354 1,278=
451 3275 575 3352 Αἰολεῖς
603 3277 743 3360 noina,
767 3273 810 3342 ὧν
830 3277 895 3342 ἐστὶ
918 3277 1091 3364 Πίνδαρος)
1097 3306 1110 3358 ,·
1125 3277 1170 3357 ,is
1193 3279 1283 3349 anina

193 3445 474 3466 Ἣ

226 3574 255 3638 4)
290 3575 370 3630 Talia
387 3587 450 3632 sunt
466 3574 568 3650 ὤρανοο
586 3590 613 3638 et
630 3575 740 3650 danaae,
763 3578 907 3652 πιρῤοἰτιον
932 3581 1116 3654 stercoritae,
1139 3589 1235 3658 utrem
1251 3599 1282 3648 et

192 3661 953 3740 acaratc.vid.§.s,1r;§.s,1ett.16,a;§.
974 3675 1244 3742 ⁷‚1ett.1o,a.

228 3761 255 3819 5)
292 3761 407 3830 Argum.
426 3759 470 3815 ld.
488 3763 531 3818 28.
557 3765 706 3834 γέγραπται
732 3760 762 3819 di
779 3761 887 3821 Atetta·
913 3761 1058 3836 διαλέκτῳ)
1084 3767 1150 3824 item
1171 3773 1215 3828 ld.
1234 3775 1280 3832 29.

194 3843 222 3897 in
240 3845 337 3899 eodem
355 3847 417 3902 cod.
437 3847 501 3904 Vnt.
519 3849 545 3904 6.
564 3849 728 3920 inscriptum
744 3862 786 3905 est
798 3848 917 3926 *Adana
934 3850 1059 3910 παιδικά.

227 3943 256 4005 o)
290 3939 360 3996 lade
384 3943 465 3998 stiam
490 3945 658 4014 hexametri,
684 3961 754 4014 quaa
776 3945 938 4003 Priscianus
961 3947 1066 4004 ibidem
1091 3965 1129 4004 cx
1152 3953 1280 4012 Aeolicis

193 4027 285 4096 podria
301 4043 356 4082 aon
374 4030 632 4098 nominatissima,
657 4031 798 4088 Alouanis
815 4051 877 4091 esse
895 4035 1038 4103 videatur,
1061 4035 1178 4094 doceare
1194 4041 1280 4100 ctiam

192 4113 331 4170 Lacomea
355 4115 443 4170 sarna
460 4114 564 4182 Maiae,
585 4116 650 4188 ¹vid.
667 4119 690 4186 t.
709 4121 735 4182 ὅ.
753 4131 809 4176 not.
828 4124 861 4192 ὅ,
889 4123 925 4184 de
942 4139 996 4182 uae
1013 4141 1051 4183 ex
1074 4123 1134 4180 illis
1152 4127 1280 4186 versibus

194 4200 267 4266 idem
285 4199 370 4256 sensit
387 4203 555 4258 Weiskerus
572 4203 606 4258 ad
624 4204 714 4260 Aleia.
733 4205 767 4265 sr.
787 4211 810 4262 1.
