2872 4780
217 333 290 412 178
619 334 675 406 Do
698 330 894 406 vocalibus.

217 540 298 608 ue.
317 536 607 616 sememonten.
635 535 709 602 ι.ι
736 535 767 618 ς.
791 535 854 619 ιιι,
883 535 925 600 u.
942 535 976 600 ιι
996 533 1030 618 ς.
1048 535 1113 619 ιι,
1142 536 1228 634 ιρις
1247 561 1307 628 μ.
1424 491 1425 524 ¹

217 643 301 726 ὥρᾶς
325 651 434 724 uatum
461 650 514 704 est
539 661 581 704 ex
608 637 838 728 antiquissimo
863 637 1000 724 ὥραις,
1022 633 1100 712 θεός
1127 661 1186 727 pro
1210 639 1307 716 θεοὺς

216 745 268 809 vel
296 741 379 816 dedic
406 764 424 805 e
452 739 561 818 θεόνς,
599 738 719 822 ruitis
749 765 767 806 e
797 739 953 824 πράξαις,
985 741 1093 825 χαρίες
1121 763 1140 804 e
1170 743 1305 826 χαρίεις,

217 844 409 934 quibuscum
428 865 579 932 compara
602 841 701 906 etiam*
720 843 752 920 ἐς
772 865 832 931 pro
853 843 902 918 ἐνς
911 891 922 920 ,
946 843 1010 926 εἰς,
1033 839 1152 906 deinde
1174 842 1256 926 λέγειν
1276 853 1308 908 et
1424 863 1425 898 ι

216 945 306 1030 βαλέν
326 969 345 1011 e
366 951 523 1028 λεγεμυαι,
545 951 693 1026 βαλεμιαι
715 942 781 1009 vid.
806 943 848 1008 L.
868 943 883 1008 l
904 941 937 1026 5
961 944 1013 1010 ll.
1057 941 1174 1032 Neque
1197 945 1308 1012 adver·

217 1059 325 1132 estur,
358 1047 511 1135 quodie
540 1046 611 1130 cipe
641 1047 674 1112 et
701 1043 868 1110 similibus
898 1069 919 1108 u
947 1053 1058 1130 ustura
1080 1045 1217 1134 longum
1238 1057 1308 1132 ιιι,

217 1173 291 1214 nam
312 1148 346 1214 in
378 1147 605 1238 antiquissimo
634 1148 736 1212 l'orms
759 1147 863 1230 ὥραις
882 1145 966 1212 dure
986 1169 1150 1212 eouwnac
1170 1169 1309 1236 ecquem

217 1261 266 1316 tes
287 1250 436 1316 effecisse
457 1249 625 1324 videntur,
660 1259 695 1312 ut
724 1247 847 1314 voculis
874 1247 1110 1338 corriperetur,
1143 1248 1241 1316 sicuti
1269 1273 1309 1316 ex

217 1352 342 1436 ἔγνωιτ,
366 1351 496 1434 idcircum
518 1351 602 1415 lacta
624 1361 702 1414 suut
722 1348 840 1432 ἕγιιιντ,
865 1349 1012 1433 ε’δάμεντ,
1039 1361 1204 1440 postumo
1226 1350 1309 1436 ἔγνον

216 1467 248 1522 et
275 1454 401 1534 iduor»,
432 1452 497 1518 vid.
528 1451 659 1516 dissert.
692 1462 802 1516 nostra
831 1451 872 1516 de
901 1451 1036 1540 conjug.
1067 1451 1103 1518 iu
1132 1479 1167 1536 μι
1196 1477 1229 1544 p.
1256 1453 1306 1522 10.

11 1517 12 1566 1
75 1593 78 1600 »
216 1555 326 1644 Magis
356 1555 477 1620 offendi
507 1552 638 1642 possis,
671 1552 768 1643 quod.
789 1555 924 1635 delum,
955 1552 1091 1636 ποιμήν,
1126 1553 1251 1634 ἀληθής
1279 1566 1310 1621 et

216 1658 336 1724 similia
360 1656 504 1723 ultimum
528 1679 593 1722 uon
615 1654 814 1744 corripiunt,
845 1677 1030 1745 qumquam
1052 1668 1197 1722 accurata
1219 1658 1310 1724 inve·

217 1759 349 1848 stipatio
366 1758 478 1841 docet,
501 1781 558 1824 eos
580 1755 796 1822 nominativos
818 1755 1011 1846 cstirpibus
1035 1759 1164 1841 ὀαιμον,
1185 1783 1307 1840 nospes,

218 1860 332 1938 ἄληθες
353 1859 481 1945 adjecto
504 1886 537 1934 ς,
572 1858 631 1950 qui
651 1870 701 1924 est
723 1857 915 1926 nominativi
943 1861 1126 1941 character,
1158 1859 1309 1949 prodisse

217 1973 249 2028 et
269 1961 417 2027 ultimam
443 1960 661 2049 productione
690 1961 889 2048 suppletorie
918 1961 1049 2052 longum
1079 1961 1208 2028 hahere.
1263 1963 1310 2028 At

216 2063 251 2127 in
280 2063 331 2126 his
361 2073 425 2126 tam
453 2073 577 2125 mature
605 2061 709 2148 sipms
742 2062 905 2148 abjectum
939 2073 973 2130 ct
1002 2063 1124 2130 vocalis
1152 2063 1306 2152 producta

216 2185 288 2229 esse
309 2162 438 2229 videtur
458 2159 551 2246 (lade
573 2185 703 2252 quoque
726 2176 758 2228 ct
776 2164 911 2230 Atthide
931 2165 1146 2250 testantibus,
1169 2187 1253 2254 quse
1273 2165 1308 2230 in

216 2264 290 2330 istis
312 2265 427 2351 longas
448 2265 598 2345 vocales,
620 2286 687 2329 uon
710 2264 932 2356 diphthongos
953 2267 1124 2356 proferunt
1144 2268 1189 2334 cl.
1209 2271 1241 2352 §.
1254 2265 1306 2349 tt,

218 2365 292 2448 13),
315 2375 352 2430 ut
372 2387 411 2430 eo
432 2376 598 2455 tempore,
621 2389 686 2456 quo
708 2379 868 2434 extremae
887 2367 1039 2456 ¹syllabus
1054 2393 1073 2434 e
1087 2367 1309 2436 Doriensihus

217 2465 338 2556 corripi
359 2477 492 2557 coeptae
510 2479 603 2546 sunt,
628 2467 720 2534 nulla
740 2469 986 2561 antiquissimae
1003 2471 1138 2538 rationis
1154 2471 1308 2537 memoris

218 2580 414 2660 superesset.
1088 2591 1091 2600 “

301 2670 418 2738 Paullo
432 2671 609 2754 diversam,
632 2672 772 2740 similem
794 2683 900 2738 umen
922 2672 1080 2740 rationem
1097 2673 1133 2740 in
1147 2676 1309 2742 secundae

216 2772 458 2861 conjugationis
484 2796 623 2862 perseus
644 2773 872 2861 agnoscimus,
907 2796 1008 2863 quum
1040 2776 1135 2860 λέγεις
1163 2800 1182 2842 e
1211 2786 1309 2862 leysos

216 2873 281 2938 iotu
304 2874 499 2962 transposito
522 2885 628 2940 ortum
649 2877 712 2958 sit,
734 2873 800 2940 vid.
825 2874 867 2939 L.
885 2875 901 2939 l
922 2875 1025 2960 514,
1046 2879 1088 2962 43
1119 2881 1309 2948 nemetim

216 2974 271 3038 hic
298 2975 443 3039 vocalem
471 2974 563 3040 vides
593 2975 790 3064 potiusnon
813 2975 1004 3064 productam
1025 3003 1099 3046 esse
1120 3004 1218 3072 quam
1240 3005 1309 3048 cor·

216 3085 349 3164 reptem.
404 3073 513 3162 Magis
536 3077 633 3141 etium
655 3075 689 3141 id
709 3091 841 3167 apparot
862 3077 897 3143 iu
919 3077 978 3156 πός
999 3103 1059 3170 pro
1080 3086 1160 3159 ποῦς
1180 3095 1214 3150 ct
1236 3083 1309 3150 nois

215 3199 275 3265 pro
304 3179 383 3252 ὲιᾶι,
419 3177 506 3265 quod
535 3202 553 3242 a
583 3177 804 3246 Doriensibus
834 3179 955 3272 corripi
983 3184 1102 3249 docent
1123 3185 1306 3252 llerodian.

215 3277 299 3344 Oxx.
324 3277 542 3361 111,290,5
572 3289 604 3344 ct
634 3278 743 3348 Draco
769 3283 832 3367 29,
854 3283 898 3350 2⁰
929 3322 969 3333 -
1001 3285 1063 3368 85,
1087 3287 1126 3354 11
1157 3287 1244 3354 sicut
1272 3289 1305 3353 iu

216 3379 355 3446 Aeolide
377 3379 442 3448 vid.
466 3379 542 3448 L.l
565 3381 595 3466 5.
611 3382 673 3466 21,
697 3385 739 3469 0,
763 3397 796 3451 et
817 3385 974 3476 corripuit
994 3387 1158 3456 Pindsrus
1180 3387 1237 3456 01.
1259 3389 1305 3470 ll,

213 3480 256 3548 93
282 3479 316 3547 cd
346 3479 424 3560 πάι,
459 3483 515 3549 uhi
537 3483 724 3552 Boeckhius
751 3486 846 3554 aliam
875 3489 1117 3558 excusationem
1145 3515 1304 3582 quaereus

213 3581 310 3649 ednas
332 3584 474 3672 scripsit.

297 3683 474 3752 Difficilius·
494 3711 606 3755 eorum
628 3703 678 3756 est
698 3693 800 3774 ratio,
833 3714 918 3782 quae
938 3691 1085 3760 ultimum
1108 3693 1304 3782 corripiunt,

212 3803 396 3874 quenquam
425 3791 647 3858 contractione
674 3795 839 3872 affectum,
879 3805 916 3858 ut
941 3793 1048 3870 Φυιιός
1078 3817 1138 3884 pro
1165 3801 1304 3872 Φυκοῦς,

210 3887 298 3972 ἱαρξς
318 3911 377 3976 pro
398 3893 507 3976 ἱερεῖς,
530 3894 638 3969 Λατός
653 3917 712 3984 pro
725 3899 871 3980 Λατοῦς,
893 3897 981 3972 ποιές
1002 3920 1061 3987 pro
1081 3899 1193 3975 ποιεῖς,
1217 3899 1304 3963 ποιὲν

210 4009 269 4075 pro
297 3993 402 4054 ποιεῖν.
459 3991 526 4058 Sed
555 3995 651 4060 etism
680 3997 733 4060 hic
762 3995 854 4062 vides
880 4011 955 4064 aute
976 3999 1215 4090 correptionem
1237 4023 1301 4066 nou

209 4087 323 4158 adesse
352 4091 509 4179 syllabam
543 4095 695 4186 loupam3
727 4121 800 4166 nam
830 4101 918 4176 ποιές
946 4111 979 4168 et
999 4103 1086 4168 ποιὲν
1107 4124 1126 4166 e
1148 4103 1251 4176 uou'rc
1270 4113 1302 4166 et

209 4193 309 4256 notris
330 4203 398 4278 orte
420 4195 605 4264 existimare
626 4209 766 4288 oportet,
794 4199 901 4277 Φυκός
920 4225 940 4270 s
960 4203 1093 4278 Φυκόες.
1128 4204 1245 4294 ltuquc
1267 4215 1302 4268 ut
