<?xml version="1.0" encoding="UTF-8"?>
<!DOCTYPE html PUBLIC "-//W3C//DTD XHTML 1.0 Transitional//EN"
    "http://www.w3.org/TR/xhtml1/DTD/xhtml1-transitional.dtd">
<html xmlns="http://www.w3.org/1999/xhtml" xml:lang="en" lang="en">
 <head>
  <title>
</title>
<meta http-equiv="Content-Type" content="text/html;charset=utf-8" />
  <meta name='ocr-system' content='tesseract 3.04.00' />
  <meta name='ocr-capabilities' content='ocr_page ocr_carea ocr_par ocr_line ocrx_word'/>
</head>
<body>
  <div class='ocr_page' id='page_1' title='image "./degraccaelingua01ahregoog_0183.png"; bbox 0 0 2784 4768; ppageno 0'>
   <div class='ocr_carea' id='block_1_1' title="bbox 0 0 4 637">
    <p class='ocr_par' dir='ltr' id='par_1_1' title="bbox 0 0 4 637">
     <span class='ocr_line' id='line_1_1' title="bbox 0 0 4 637; baseline 0 0"><span class='ocrx_word' id='word_1_1' title='bbox 0 0 4 637; x_wconf 95' lang='lat' dir='ltr'><strong> </strong></span> 
     </span>
    </p>
   </div>
   <div class='ocr_carea' id='block_1_2' title="bbox 210 328 1213 422">
    <p class='ocr_par' dir='ltr' id='par_1_2' title="bbox 210 328 1213 422">
     <span class='ocr_line' id='line_1_2' title="bbox 210 328 1213 422; baseline -0.008 -3"><span class='ocrx_word' id='word_1_2' title='bbox 210 343 289 422; x_wconf 80' lang='lat' dir='ltr'><strong>len</strong></span> <span class='ocrx_word' id='word_1_3' title='bbox 409 341 467 416; x_wconf 84' lang='lat' dir='ltr'><strong>Do</strong></span> <span class='ocrx_word' id='word_1_4' title='bbox 492 339 647 416; x_wconf 72' lang='lat' dir='ltr'><strong>nucero</strong></span> <span class='ocrx_word' id='word_1_5' title='bbox 670 337 830 416; x_wconf 82' lang='lat' dir='ltr'><strong>Aeolum</strong></span> <span class='ocrx_word' id='word_1_6' title='bbox 854 335 1091 416; x_wconf 77' lang='lat' dir='ltr'><strong>Asianorum.</strong></span> <span class='ocrx_word' id='word_1_7' title='bbox 1202 328 1213 342; x_wconf 50' lang='lat'><strong>⁸</strong></span> 
     </span>
    </p>
   </div>
   <div class='ocr_carea' id='block_1_3' title="bbox 126 539 1362 4302">
    <p class='ocr_par' dir='ltr' id='par_1_3' title="bbox 126 539 1362 3383">
     <span class='ocr_line' id='line_1_3' title="bbox 210 539 1303 637; baseline -0.006 -22"><span class='ocrx_word' id='word_1_8' title='bbox 210 545 413 637; x_wconf 84' lang='lat' dir='ltr'><strong>singularum</strong></span> <span class='ocrx_word' id='word_1_9' title='bbox 435 541 646 612; x_wconf 84' lang='lat' dir='ltr'><strong>dialectorum</strong></span> <span class='ocrx_word' id='word_1_10' title='bbox 667 541 733 610; x_wconf 91' lang='lat' dir='ltr'><strong>allo</strong></span> <span class='ocrx_word' id='word_1_11' title='bbox 763 553 910 632; x_wconf 88' lang='lat' dir='ltr'><strong>temporo</strong></span> <span class='ocrx_word' id='word_1_12' title='bbox 927 539 1112 609; x_wconf 70' lang='lat' dir='ltr'><strong>accuratius</strong></span> <span class='ocrx_word' id='word_1_13' title='bbox 1133 539 1303 632; x_wconf 85' lang='lat' dir='ltr'><strong>disputan·</strong></span> 
     </span>
     <span class='ocr_line' id='line_1_4' title="bbox 208 643 1305 736; baseline -0.005 -19"><span class='ocrx_word' id='word_1_14' title='bbox 208 650 285 716; x_wconf 88' lang='lat' dir='ltr'><strong>dum</strong></span> <span class='ocrx_word' id='word_1_15' title='bbox 316 658 377 714; x_wconf 90' lang='lat' dir='ltr'><strong>est.</strong></span> <span class='ocrx_word' id='word_1_16' title='bbox 409 674 451 698; x_wconf 53' lang='grc' dir='ltr'>ω</span> <span class='ocrx_word' id='word_1_17' title='bbox 511 645 617 713; x_wconf 87' lang='lat' dir='ltr'><strong>Multo</strong></span> <span class='ocrx_word' id='word_1_18' title='bbox 652 644 727 712; x_wconf 88' lang='lat' dir='ltr'><strong>istis</strong></span> <span class='ocrx_word' id='word_1_19' title='bbox 756 643 1007 736; x_wconf 84' lang='lat' dir='ltr'><strong>grammaticalis</strong></span> <span class='ocrx_word' id='word_1_20' title='bbox 1038 643 1175 712; x_wconf 88' lang='lat' dir='ltr'><strong>meliora</strong></span> <span class='ocrx_word' id='word_1_21' title='bbox 1208 645 1305 711; x_wconf 89' lang='lat' dir='ltr'><strong>docet</strong></span> 
     </span>
     <span class='ocr_line' id='line_1_5' title="bbox 207 742 1303 838; baseline -0.001 -22"><span class='ocrx_word' id='word_1_22' title='bbox 207 749 400 816; x_wconf 85' lang='lat' dir='ltr'><strong>Heraclides</strong></span> <span class='ocrx_word' id='word_1_23' title='bbox 422 742 583 815; x_wconf 85' lang='lat' dir='ltr'><strong>Ponticus</strong></span> <span class='ocrx_word' id='word_1_24' title='bbox 605 748 692 838; x_wconf 90' lang='lat' dir='ltr'><strong>apud</strong></span> <span class='ocrx_word' id='word_1_25' title='bbox 712 748 836 816; x_wconf 89' lang='lat' dir='ltr'><strong>Athen.</strong></span> <span class='ocrx_word' id='word_1_26' title='bbox 858 748 943 834; x_wconf 84' lang='lat' dir='ltr'><strong>XIV¹</strong></span> <span class='ocrx_word' id='word_1_27' title='bbox 962 771 997 838; x_wconf 90' lang='lat' dir='ltr'><strong>p.</strong></span> <span class='ocrx_word' id='word_1_28' title='bbox 1020 747 1106 832; x_wconf 75' lang='lat'><strong>624,</strong></span> <span class='ocrx_word' id='word_1_29' title='bbox 1137 747 1303 816; x_wconf 87' lang='lat' dir='ltr'><strong>Aeolihus</strong></span> 
     </span>
     <span class='ocr_line' id='line_1_6' title="bbox 205 843 1362 941; baseline -0.005 -21"><span class='ocrx_word' id='word_1_30' title='bbox 205 853 355 920; x_wconf 86' lang='lat' dir='ltr'><strong>tribuens</strong></span> <span class='ocrx_word' id='word_1_31' title='bbox 376 849 410 918; x_wconf 76' lang='lat' dir='ltr'><strong>cd</strong></span> <span class='ocrx_word' id='word_1_32' title='bbox 434 843 516 928; x_wconf 73' lang='grc' dir='ltr'><em>ἦθος</em></span> <span class='ocrx_word' id='word_1_33' title='bbox 541 849 575 916; x_wconf 78' lang='lat' dir='ltr'><strong>cd</strong></span> <span class='ocrx_word' id='word_1_34' title='bbox 596 853 710 935; x_wconf 67' lang='lat' dir='ltr'><strong>zurigos</strong></span> <span class='ocrx_word' id='word_1_35' title='bbox 738 854 792 914; x_wconf 76' lang='lat' dir='ltr'><strong>sai</strong></span> <span class='ocrx_word' id='word_1_36' title='bbox 814 848 969 934; x_wconf 74' lang='grc' dir='ltr'><strong>ὀγκῶδες,</strong></span> <span class='ocrx_word' id='word_1_37' title='bbox 991 847 1036 914; x_wconf 77' lang='grc' dir='ltr'>ἔτι</span> <span class='ocrx_word' id='word_1_38' title='bbox 1058 851 1091 914; x_wconf 78' lang='grc' dir='ltr'><strong>δὲ</strong></span> <span class='ocrx_word' id='word_1_39' title='bbox 1112 849 1301 936; x_wconf 74' lang='grc' dir='ltr'><strong>ὑπόχαυνον,</strong></span> <span class='ocrx_word' id='word_1_40' title='bbox 1357 931 1362 941; x_wconf 36' lang='lat'>¹</span> 
     </span>
     <span class='ocr_line' id='line_1_7' title="bbox 206 949 1304 1047; baseline -0.002 -27"><span class='ocrx_word' id='word_1_41' title='bbox 206 979 290 1047; x_wconf 87' lang='lat' dir='ltr'><strong>qnae</strong></span> <span class='ocrx_word' id='word_1_42' title='bbox 312 954 409 1020; x_wconf 85' lang='lat' dir='ltr'><strong>etiam</strong></span> <span class='ocrx_word' id='word_1_43' title='bbox 431 953 472 1018; x_wconf 86' lang='lat' dir='ltr'><strong>ad</strong></span> <span class='ocrx_word' id='word_1_44' title='bbox 494 952 668 1018; x_wconf 75' lang='lat' dir='ltr'><strong>dialectum</strong></span> <span class='ocrx_word' id='word_1_45' title='bbox 688 951 843 1019; x_wconf 86' lang='lat' dir='ltr'><strong>adhibere</strong></span> <span class='ocrx_word' id='word_1_46' title='bbox 865 949 952 1015; x_wconf 89' lang='lat' dir='ltr'><strong>licet.</strong></span> <span class='ocrx_word' id='word_1_47' title='bbox 1014 949 1098 1016; x_wconf 86' lang='lat' dir='ltr'><strong>Nam</strong></span> <span class='ocrx_word' id='word_1_48' title='bbox 1128 951 1192 1018; x_wconf 88' lang='lat' dir='ltr'><strong>tole</strong></span> <span class='ocrx_word' id='word_1_49' title='bbox 1219 953 1304 1040; x_wconf 90' lang='lat' dir='ltr'><strong>quid</strong></span> 
     </span>
     <span class='ocr_line' id='line_1_8' title="bbox 206 1052 1304 1154; baseline -0.003 -31"><span class='ocrx_word' id='word_1_50' title='bbox 206 1059 353 1148; x_wconf 85' lang='lat' dir='ltr'><strong>prolecto</strong></span> <span class='ocrx_word' id='word_1_51' title='bbox 381 1057 571 1154; x_wconf 75' lang='lat' dir='ltr'><strong>agnoscitur</strong></span> <span class='ocrx_word' id='word_1_52' title='bbox 598 1055 634 1120; x_wconf 91' lang='lat' dir='ltr'><strong>in</strong></span> <span class='ocrx_word' id='word_1_53' title='bbox 662 1052 871 1142; x_wconf 69' lang='lat' dir='ltr'><strong>berytonesi,</strong></span> <span class='ocrx_word' id='word_1_54' title='bbox 912 1075 976 1142; x_wconf 88' lang='lat' dir='ltr'><strong>qua</strong></span> <span class='ocrx_word' id='word_1_55' title='bbox 998 1077 1061 1120; x_wconf 82' lang='lat' dir='ltr'><strong>vox</strong></span> <span class='ocrx_word' id='word_1_56' title='bbox 1090 1053 1126 1118; x_wconf 91' lang='lat' dir='ltr'><strong>in</strong></span> <span class='ocrx_word' id='word_1_57' title='bbox 1155 1053 1304 1142; x_wconf 86' lang='lat' dir='ltr'><strong>singulis</strong></span> 
     </span>
     <span class='ocr_line' id='line_1_9' title="bbox 206 1153 1300 1244; baseline -0.002 -20"><span class='ocrx_word' id='word_1_58' title='bbox 206 1157 406 1225; x_wconf 84' lang='lat' dir='ltr'><strong>dictionibus</strong></span> <span class='ocrx_word' id='word_1_59' title='bbox 427 1169 655 1242; x_wconf 78' lang='lat' dir='ltr'><strong>commoratur,</strong></span> <span class='ocrx_word' id='word_1_60' title='bbox 679 1167 716 1222; x_wconf 91' lang='lat' dir='ltr'><strong>ut</strong></span> <span class='ocrx_word' id='word_1_61' title='bbox 735 1157 771 1222; x_wconf 89' lang='lat' dir='ltr'><strong>lit</strong></span> <span class='ocrx_word' id='word_1_62' title='bbox 791 1155 878 1244; x_wconf 89' lang='lat' dir='ltr'><strong>apud</strong></span> <span class='ocrx_word' id='word_1_63' title='bbox 899 1153 1037 1222; x_wconf 85' lang='lat' dir='ltr'><strong>Latinos</strong></span> <span class='ocrx_word' id='word_1_64' title='bbox 1059 1155 1300 1232; x_wconf 87' lang='lat' dir='ltr'><strong>ethrnmnos,</strong></span> 
     </span>
     <span class='ocr_line' id='line_1_10' title="bbox 205 1257 1300 1377; baseline -0.002 -51"><span class='ocrx_word' id='word_1_65' title='bbox 205 1284 273 1328; x_wconf 87' lang='lat' dir='ltr'><strong>nun</strong></span> <span class='ocrx_word' id='word_1_66' title='bbox 300 1259 450 1377; x_wconf 80' lang='lat' dir='ltr'><strong>rapide</strong></span> <span class='ocrx_word' id='word_1_67' title='bbox 442 1279 542 1326; x_wconf 88' lang='lat' dir='ltr'><strong>eursu</strong></span> <span class='ocrx_word' id='word_1_68' title='bbox 573 1259 614 1326; x_wconf 87' lang='lat' dir='ltr'><strong>ad</strong></span> <span class='ocrx_word' id='word_1_69' title='bbox 641 1257 810 1348; x_wconf 78' lang='lat' dir='ltr'><strong>sequentia</strong></span> <span class='ocrx_word' id='word_1_70' title='bbox 830 1257 940 1343; x_wconf 79' lang='lat' dir='ltr'><strong>volat,</strong></span> <span class='ocrx_word' id='word_1_71' title='bbox 967 1257 1069 1324; x_wconf 88' lang='lat' dir='ltr'><strong>tale</strong></span> <span class='ocrx_word' id='word_1_72' title='bbox 1059 1282 1094 1322; x_wconf 91' lang='grc' dir='ltr'><strong>ιιι</strong></span> <span class='ocrx_word' id='word_1_73' title='bbox 1122 1259 1300 1338; x_wconf 79' lang='lat' dir='ltr'><strong>vocalium,</strong></span> 
     </span>
     <span class='ocr_line' id='line_1_11' title="bbox 206 1359 1302 1452; baseline -0.004 -24"><span class='ocrx_word' id='word_1_74' title='bbox 206 1387 289 1452; x_wconf 86' lang='lat' dir='ltr'><strong>quac</strong></span> <span class='ocrx_word' id='word_1_75' title='bbox 311 1361 491 1450; x_wconf 72' lang='lat' dir='ltr'><strong>gravimem</strong></span> <span class='ocrx_word' id='word_1_76' title='bbox 512 1385 628 1426; x_wconf 89' lang='lat' dir='ltr'><strong>sonum</strong></span> <span class='ocrx_word' id='word_1_77' title='bbox 652 1361 791 1443; x_wconf 86' lang='lat' dir='ltr'><strong>babent,</strong></span> <span class='ocrx_word' id='word_1_78' title='bbox 814 1383 940 1439; x_wconf 83' lang='lat' dir='ltr'><strong>amore,</strong></span> <span class='ocrx_word' id='word_1_79' title='bbox 964 1363 1044 1424; x_wconf 90' lang='lat' dir='ltr'><strong>ut</strong></span> <span class='ocrx_word' id='word_1_80' title='bbox 1024 1387 1045 1423; x_wconf 82' lang='grc' dir='ltr'><strong><em>α</em></strong></span> <span class='ocrx_word' id='word_1_81' title='bbox 1064 1359 1099 1425; x_wconf 90' lang='lat' dir='ltr'><strong>in</strong></span> <span class='ocrx_word' id='word_1_82' title='bbox 1122 1363 1156 1440; x_wconf 85' lang='grc' dir='ltr'><strong>ὀ,</strong></span> <span class='ocrx_word' id='word_1_83' title='bbox 1179 1363 1198 1426; x_wconf 75' lang='grc' dir='ltr'><strong>ὃ</strong></span> <span class='ocrx_word' id='word_1_84' title='bbox 1222 1361 1259 1426; x_wconf 90' lang='lat' dir='ltr'><strong>in</strong></span> <span class='ocrx_word' id='word_1_85' title='bbox 1283 1365 1302 1424; x_wconf 78' lang='grc' dir='ltr'><em>ὗ</em></span> 
     </span>
     <span class='ocr_line' id='line_1_12' title="bbox 203 1461 1302 1552; baseline -0.005 -21"><span class='ocrx_word' id='word_1_86' title='bbox 203 1475 394 1545; x_wconf 73' lang='lat' dir='ltr'><strong>tranmunt·</strong></span> <span class='ocrx_word' id='word_1_87' title='bbox 429 1463 494 1528; x_wconf 83' lang='lat' dir='ltr'><strong>tale</strong></span> <span class='ocrx_word' id='word_1_88' title='bbox 515 1463 550 1527; x_wconf 92' lang='lat' dir='ltr'><strong>in</strong></span> <span class='ocrx_word' id='word_1_89' title='bbox 574 1461 805 1552; x_wconf 73' lang='lat' dir='ltr'><strong>diphthongis,</strong></span> <span class='ocrx_word' id='word_1_90' title='bbox 839 1485 921 1551; x_wconf 85' lang='lat' dir='ltr'><strong>quas</strong></span> <span class='ocrx_word' id='word_1_91' title='bbox 942 1462 1030 1526; x_wconf 87' lang='lat' dir='ltr'><strong>haud</strong></span> <span class='ocrx_word' id='word_1_92' title='bbox 1050 1486 1123 1528; x_wconf 86' lang='lat' dir='ltr'><strong>raro</strong></span> <span class='ocrx_word' id='word_1_93' title='bbox 1144 1486 1202 1551; x_wconf 87' lang='lat' dir='ltr'><strong>pro</strong></span> <span class='ocrx_word' id='word_1_94' title='bbox 1223 1462 1302 1528; x_wconf 92' lang='lat' dir='ltr'><strong>reli·</strong></span> 
     </span>
     <span class='ocr_line' id='line_1_13' title="bbox 205 1559 1300 1656; baseline -0.002 -25"><span class='ocrx_word' id='word_1_95' title='bbox 205 1591 343 1656; x_wconf 87' lang='lat' dir='ltr'><strong>quarum</strong></span> <span class='ocrx_word' id='word_1_96' title='bbox 364 1563 574 1630; x_wconf 84' lang='lat' dir='ltr'><strong>dialectnrum</strong></span> <span class='ocrx_word' id='word_1_97' title='bbox 597 1563 803 1653; x_wconf 85' lang='lat' dir='ltr'><strong>simplicibus</strong></span> <span class='ocrx_word' id='word_1_98' title='bbox 824 1563 993 1630; x_wconf 88' lang='lat' dir='ltr'><strong>vocalibus</strong></span> <span class='ocrx_word' id='word_1_99' title='bbox 1017 1565 1139 1630; x_wconf 84' lang='lat' dir='ltr'><strong>babent</strong></span> <span class='ocrx_word' id='word_1_100' title='bbox 1162 1564 1243 1643; x_wconf 83' lang='lat' dir='ltr'><strong>(vid.</strong></span> <span class='ocrx_word' id='word_1_101' title='bbox 1267 1559 1300 1652; x_wconf 60' lang='grc' dir='ltr'><strong>ξ.</strong></span> 
     </span>
     <span class='ocr_line' id='line_1_14' title="bbox 204 1661 1302 1755; baseline -0.005 -20"><span class='ocrx_word' id='word_1_102' title='bbox 204 1669 312 1754; x_wconf 91' lang='grc'><strong>5,5·</strong></span> <span class='ocrx_word' id='word_1_103' title='bbox 342 1661 373 1755; x_wconf 81' lang='lat'><strong>§</strong></span> <span class='ocrx_word' id='word_1_104' title='bbox 400 1665 459 1749; x_wconf 79' lang='lat'><strong>103</strong></span> <span class='ocrx_word' id='word_1_105' title='bbox 495 1661 526 1754; x_wconf 73' lang='lat'><strong>§-</strong></span> <span class='ocrx_word' id='word_1_106' title='bbox 552 1667 591 1732; x_wconf 84' lang='lat'><strong>15</strong></span> <span class='ocrx_word' id='word_1_107' title='bbox 601 1663 697 1755; x_wconf 85' lang='lat'><strong>‚3)‚</strong></span> <span class='ocrx_word' id='word_1_108' title='bbox 731 1689 792 1731; x_wconf 87' lang='lat' dir='ltr'><strong>nce</strong></span> <span class='ocrx_word' id='word_1_109' title='bbox 821 1667 928 1732; x_wconf 89' lang='lat' dir='ltr'><strong>minns</strong></span> <span class='ocrx_word' id='word_1_110' title='bbox 960 1665 995 1730; x_wconf 89' lang='lat' dir='ltr'><strong>in</strong></span> <span class='ocrx_word' id='word_1_111' title='bbox 1027 1665 1302 1754; x_wconf 85' lang='lat' dir='ltr'><strong>diphthongornrn</strong></span> 
     </span>
     <span class='ocr_line' id='line_1_15' title="bbox 204 1766 1300 1858; baseline -0.003 -23"><span class='ocrx_word' id='word_1_112' title='bbox 204 1768 362 1852; x_wconf 80' lang='lat' dir='ltr'><strong>diaecesi,</strong></span> <span class='ocrx_word' id='word_1_113' title='bbox 402 1767 478 1856; x_wconf 89' lang='lat' dir='ltr'><strong>quia</strong></span> <span class='ocrx_word' id='word_1_114' title='bbox 499 1778 532 1832; x_wconf 94' lang='lat' dir='ltr'><strong>et</strong></span> <span class='ocrx_word' id='word_1_115' title='bbox 552 1766 745 1858; x_wconf 73' lang='lat' dir='ltr'><strong>diphthongi</strong></span> <span class='ocrx_word' id='word_1_116' title='bbox 777 1768 908 1858; x_wconf 88' lang='lat' dir='ltr'><strong>plenius</strong></span> <span class='ocrx_word' id='word_1_117' title='bbox 930 1767 1009 1858; x_wconf 90' lang='lat' dir='ltr'><strong>quid</strong></span> <span class='ocrx_word' id='word_1_118' title='bbox 1032 1779 1166 1851; x_wconf 88' lang='lat' dir='ltr'><strong>sonant,</strong></span> <span class='ocrx_word' id='word_1_119' title='bbox 1203 1791 1300 1857; x_wconf 90' lang='lat' dir='ltr'><strong>quam</strong></span> 
     </span>
     <span class='ocr_line' id='line_1_16' title="bbox 203 1867 1298 1960; baseline -0.006 -19"><span class='ocrx_word' id='word_1_120' title='bbox 203 1871 354 1955; x_wconf 85' lang='lat' dir='ltr'><strong>vocales,</strong></span> <span class='ocrx_word' id='word_1_121' title='bbox 388 1880 421 1934; x_wconf 90' lang='lat' dir='ltr'><strong>ct</strong></span> <span class='ocrx_word' id='word_1_122' title='bbox 440 1869 584 1960; x_wconf 86' lang='lat' dir='ltr'><strong>ipsarum</strong></span> <span class='ocrx_word' id='word_1_123' title='bbox 611 1869 741 1936; x_wconf 87' lang='lat' dir='ltr'><strong>illarum</strong></span> <span class='ocrx_word' id='word_1_124' title='bbox 763 1869 912 1959; x_wconf 88' lang='lat' dir='ltr'><strong>singulae</strong></span> <span class='ocrx_word' id='word_1_125' title='bbox 938 1881 1046 1960; x_wconf 62' lang='lat' dir='ltr'><strong>,partes</strong></span> <span class='ocrx_word' id='word_1_126' title='bbox 1074 1867 1179 1958; x_wconf 90' lang='lat' dir='ltr'><strong>magis</strong></span> <span class='ocrx_word' id='word_1_127' title='bbox 1200 1893 1298 1958; x_wconf 87' lang='lat' dir='ltr'><strong>quam</strong></span> 
     </span>
     <span class='ocr_line' id='line_1_17' title="bbox 203 1969 1300 2066; baseline -0.003 -25"><span class='ocrx_word' id='word_1_128' title='bbox 203 1973 290 2066; x_wconf 91' lang='lat' dir='ltr'><strong>apud</strong></span> <span class='ocrx_word' id='word_1_129' title='bbox 310 1969 455 2060; x_wconf 86' lang='lat' dir='ltr'><strong>reliquos</strong></span> <span class='ocrx_word' id='word_1_130' title='bbox 477 1970 647 2037; x_wconf 73' lang='lat' dir='ltr'><strong>distinctae</strong></span> <span class='ocrx_word' id='word_1_131' title='bbox 668 1970 856 2060; x_wconf 84' lang='lat' dir='ltr'><strong>gravitatem</strong></span> <span class='ocrx_word' id='word_1_132' title='bbox 878 1971 973 2038; x_wconf 87' lang='lat' dir='ltr'><strong>etiam</strong></span> <span class='ocrx_word' id='word_1_133' title='bbox 994 1984 1135 2061; x_wconf 65' lang='lat' dir='ltr'><strong>augent,</strong></span> <span class='ocrx_word' id='word_1_134' title='bbox 1157 1973 1221 2037; x_wconf 89' lang='lat' dir='ltr'><strong>tale</strong></span> <span class='ocrx_word' id='word_1_135' title='bbox 1242 1971 1300 2038; x_wconf 86' lang='lat' dir='ltr'><strong>dc·</strong></span> 
     </span>
     <span class='ocr_line' id='line_1_18' title="bbox 203 2072 1301 2166; baseline 0.001 -24"><span class='ocrx_word' id='word_1_136' title='bbox 203 2075 301 2166; x_wconf 83' lang='lat' dir='ltr'><strong>nique</strong></span> <span class='ocrx_word' id='word_1_137' title='bbox 322 2076 356 2140; x_wconf 90' lang='lat' dir='ltr'><strong>in</strong></span> <span class='ocrx_word' id='word_1_138' title='bbox 367 2075 431 2161; x_wconf 54' lang='lat' dir='ltr'><strong>pp,</strong></span> <span class='ocrx_word' id='word_1_139' title='bbox 455 2074 543 2162; x_wconf 86' lang='lat' dir='ltr'><strong>qnod</strong></span> <span class='ocrx_word' id='word_1_140' title='bbox 563 2073 598 2138; x_wconf 91' lang='lat' dir='ltr'><strong>in</strong></span> <span class='ocrx_word' id='word_1_141' title='bbox 620 2075 725 2139; x_wconf 80' lang='lat' dir='ltr'><strong>leonte</strong></span> <span class='ocrx_word' id='word_1_142' title='bbox 746 2099 862 2142; x_wconf 82' lang='lat' dir='ltr'><strong>vocrrm</strong></span> <span class='ocrx_word' id='word_1_143' title='bbox 883 2074 1018 2153; x_wconf 88' lang='lat' dir='ltr'><strong>babent,</strong></span> <span class='ocrx_word' id='word_1_144' title='bbox 1053 2074 1088 2139; x_wconf 86' lang='lat' dir='ltr'><strong>in</strong></span> <span class='ocrx_word' id='word_1_145' title='bbox 1106 2072 1140 2144; x_wconf 63' lang='lat' dir='ltr'><strong>{d</strong></span> <span class='ocrx_word' id='word_1_146' title='bbox 1155 2073 1250 2164; x_wconf 69' lang='lat' dir='ltr'><strong>pro}</strong></span> <span class='ocrx_word' id='word_1_147' title='bbox 1266 2089 1301 2143; x_wconf 87' lang='lat' dir='ltr'><strong>et</strong></span> 
     </span>
     <span class='ocr_line' id='line_1_19' title="bbox 203 2174 1301 2266; baseline 0 -22"><span class='ocrx_word' id='word_1_148' title='bbox 203 2179 237 2244; x_wconf 93' lang='lat' dir='ltr'><strong>in</strong></span> <span class='ocrx_word' id='word_1_149' title='bbox 270 2176 523 2243; x_wconf 82' lang='lat' dir='ltr'><strong>consonantibus</strong></span> <span class='ocrx_word' id='word_1_150' title='bbox 545 2174 740 2266; x_wconf 83' lang='lat' dir='ltr'><strong>duplicatis,</strong></span> <span class='ocrx_word' id='word_1_151' title='bbox 782 2201 864 2265; x_wconf 87' lang='lat' dir='ltr'><strong>quac</strong></span> <span class='ocrx_word' id='word_1_152' title='bbox 892 2200 959 2240; x_wconf 88' lang='lat' dir='ltr'><strong>non</strong></span> <span class='ocrx_word' id='word_1_153' title='bbox 986 2186 1134 2265; x_wconf 78' lang='lat' dir='ltr'><strong>poterant</strong></span> <span class='ocrx_word' id='word_1_154' title='bbox 1155 2178 1220 2243; x_wconf 91' lang='lat' dir='ltr'><strong>nisi</strong></span> <span class='ocrx_word' id='word_1_155' title='bbox 1241 2203 1301 2244; x_wconf 92' lang='lat' dir='ltr'><strong>ore</strong></span> 
     </span>
     <span class='ocr_line' id='line_1_20' title="bbox 203 2275 1299 2368; baseline 0.001 -23"><span class='ocrx_word' id='word_1_156' title='bbox 203 2303 320 2367; x_wconf 87' lang='lat' dir='ltr'><strong>magna</strong></span> <span class='ocrx_word' id='word_1_157' title='bbox 348 2288 482 2343; x_wconf 88' lang='lat' dir='ltr'><strong>sonante</strong></span> <span class='ocrx_word' id='word_1_158' title='bbox 511 2276 722 2366; x_wconf 87' lang='lat' dir='ltr'><strong>pronuntiari.</strong></span> <span class='ocrx_word' id='word_1_159' title='bbox 789 2278 833 2343; x_wconf 83' lang='lat' dir='ltr'><strong>Et</strong></span> <span class='ocrx_word' id='word_1_160' title='bbox 862 2275 895 2342; x_wconf 87' lang='lat' dir='ltr'><strong>in</strong></span> <span class='ocrx_word' id='word_1_161' title='bbox 917 2275 968 2342; x_wconf 92' lang='lat' dir='ltr'><strong>bis</strong></span> <span class='ocrx_word' id='word_1_162' title='bbox 990 2275 1121 2367; x_wconf 85' lang='lat' dir='ltr'><strong>quidem</strong></span> <span class='ocrx_word' id='word_1_163' title='bbox 1143 2279 1299 2368; x_wconf 83' lang='lat' dir='ltr'><strong>Hispani-</strong></span> 
     </span>
     <span class='ocr_line' id='line_1_21' title="bbox 203 2377 1305 2472; baseline 0 -25"><span class='ocrx_word' id='word_1_164' title='bbox 203 2405 259 2447; x_wconf 88' lang='lat' dir='ltr'><strong>cac</strong></span> <span class='ocrx_word' id='word_1_165' title='bbox 281 2381 412 2469; x_wconf 83' lang='lat' dir='ltr'><strong>linguae</strong></span> <span class='ocrx_word' id='word_1_166' title='bbox 434 2377 612 2462; x_wconf 77' lang='lat' dir='ltr'><strong>similitudo</strong></span> <span class='ocrx_word' id='word_1_167' title='bbox 634 2380 790 2468; x_wconf 87' lang='lat' dir='ltr'><strong>quaedam</strong></span> <span class='ocrx_word' id='word_1_168' title='bbox 812 2391 962 2471; x_wconf 88' lang='lat' dir='ltr'><strong>apparet,</strong></span> <span class='ocrx_word' id='word_1_169' title='bbox 986 2403 1068 2468; x_wconf 91' lang='lat' dir='ltr'><strong>quae</strong></span> <span class='ocrx_word' id='word_1_170' title='bbox 1090 2381 1178 2470; x_wconf 90' lang='lat' dir='ltr'><strong>qnod</strong></span> <span class='ocrx_word' id='word_1_171' title='bbox 1198 2381 1305 2472; x_wconf 49' lang='lat' dir='ltr'><strong>liquis</strong></span> 
     </span>
     <span class='ocr_line' id='line_1_22' title="bbox 202 2481 1297 2571; baseline 0.001 -23"><span class='ocrx_word' id='word_1_172' title='bbox 202 2482 260 2548; x_wconf 89' lang='lat' dir='ltr'><strong>das</strong></span> <span class='ocrx_word' id='word_1_173' title='bbox 290 2481 377 2548; x_wconf 91' lang='lat' dir='ltr'><strong>baud</strong></span> <span class='ocrx_word' id='word_1_174' title='bbox 406 2505 478 2548; x_wconf 88' lang='lat' dir='ltr'><strong>raro</strong></span> <span class='ocrx_word' id='word_1_175' title='bbox 510 2481 689 2571; x_wconf 86' lang='lat' dir='ltr'><strong>duplicatas</strong></span> <span class='ocrx_word' id='word_1_176' title='bbox 720 2481 870 2548; x_wconf 90' lang='lat' dir='ltr'><strong>molliore</strong></span> <span class='ocrx_word' id='word_1_177' title='bbox 900 2481 1063 2570; x_wconf 88' lang='lat' dir='ltr'><strong>quodam,</strong></span> <span class='ocrx_word' id='word_1_178' title='bbox 1095 2505 1192 2570; x_wconf 85' lang='lat' dir='ltr'><strong>quam</strong></span> <span class='ocrx_word' id='word_1_179' title='bbox 1219 2507 1297 2568; x_wconf 86' lang='lat' dir='ltr'><strong>nos,</strong></span> 
     </span>
     <span class='ocr_line' id='line_1_23' title="bbox 126 2581 1297 2674; baseline 0.003 -25"><span class='ocrx_word' id='word_1_180' title='bbox 126 2665 129 2670; x_wconf 24' lang='grc' dir='ltr'>Ι</span> <span class='ocrx_word' id='word_1_181' title='bbox 202 2607 283 2650; x_wconf 89' lang='lat' dir='ltr'><strong>sono</strong></span> <span class='ocrx_word' id='word_1_182' title='bbox 304 2586 442 2674; x_wconf 88' lang='lat' dir='ltr'><strong>prolert,</strong></span> <span class='ocrx_word' id='word_1_183' title='bbox 466 2581 646 2664; x_wconf 80' lang='lat' dir='ltr'><strong>Corrrfia,</strong></span> <span class='ocrx_word' id='word_1_184' title='bbox 669 2583 801 2660; x_wconf 88' lang='lat' dir='ltr'><strong>llnno,</strong></span> <span class='ocrx_word' id='word_1_185' title='bbox 823 2583 879 2650; x_wconf 81' lang='lat' dir='ltr'><strong>vix</strong></span> <span class='ocrx_word' id='word_1_186' title='bbox 895 2583 1036 2649; x_wconf 88' lang='lat' dir='ltr'><strong>alienum</strong></span> <span class='ocrx_word' id='word_1_187' title='bbox 1056 2595 1125 2648; x_wconf 87' lang='lat' dir='ltr'><strong>crat</strong></span> <span class='ocrx_word' id='word_1_188' title='bbox 1146 2583 1185 2648; x_wconf 87' lang='lat' dir='ltr'><strong>ab</strong></span> <span class='ocrx_word' id='word_1_189' title='bbox 1207 2585 1297 2652; x_wconf 87' lang='lat' dir='ltr'><strong>Aco-</strong></span> 
     </span>
     <span class='ocr_line' id='line_1_24' title="bbox 200 2683 1299 2777; baseline 0.002 -25"><span class='ocrx_word' id='word_1_190' title='bbox 200 2685 301 2752; x_wconf 87' lang='lat' dir='ltr'><strong>libus.</strong></span> <span class='ocrx_word' id='word_1_191' title='bbox 346 2684 461 2774; x_wconf 86' lang='lat' dir='ltr'><strong>Neque</strong></span> <span class='ocrx_word' id='word_1_192' title='bbox 483 2685 551 2749; x_wconf 86' lang='lat' dir='ltr'><strong>fere</strong></span> <span class='ocrx_word' id='word_1_193' title='bbox 572 2683 704 2774; x_wconf 85' lang='lat' dir='ltr'><strong>dubito,</strong></span> <span class='ocrx_word' id='word_1_194' title='bbox 727 2686 830 2774; x_wconf 70' lang='lat' dir='ltr'><strong>«puin,</strong></span> <span class='ocrx_word' id='word_1_195' title='bbox 853 2686 910 2774; x_wconf 87' lang='lat' dir='ltr'><strong>qui</strong></span> <span class='ocrx_word' id='word_1_196' title='bbox 930 2685 1109 2751; x_wconf 86' lang='lat' dir='ltr'><strong>accuratius</strong></span> <span class='ocrx_word' id='word_1_197' title='bbox 1131 2687 1299 2777; x_wconf 84' lang='lat' dir='ltr'><strong>Hispano-</strong></span> 
     </span>
     <span class='ocr_line' id='line_1_25' title="bbox 201 2785 1298 2877; baseline 0.004 -26"><span class='ocrx_word' id='word_1_198' title='bbox 201 2809 273 2851; x_wconf 87' lang='lat' dir='ltr'><strong>rum</strong></span> <span class='ocrx_word' id='word_1_199' title='bbox 295 2808 477 2850; x_wconf 89' lang='lat' dir='ltr'><strong>sermonem</strong></span> <span class='ocrx_word' id='word_1_200' title='bbox 499 2785 662 2873; x_wconf 87' lang='lat' dir='ltr'><strong>cognitum</strong></span> <span class='ocrx_word' id='word_1_201' title='bbox 685 2788 792 2870; x_wconf 88' lang='lat' dir='ltr'><strong>habet,</strong></span> <span class='ocrx_word' id='word_1_202' title='bbox 816 2787 910 2876; x_wconf 85' lang='lat' dir='ltr'><strong>plura</strong></span> <span class='ocrx_word' id='word_1_203' title='bbox 932 2797 1118 2875; x_wconf 83' lang='lat' dir='ltr'><strong>reperturus</strong></span> <span class='ocrx_word' id='word_1_204' title='bbox 1140 2787 1196 2866; x_wconf 88' lang='lat' dir='ltr'><strong>sit,</strong></span> <span class='ocrx_word' id='word_1_205' title='bbox 1220 2790 1298 2877; x_wconf 88' lang='lat' dir='ltr'><strong>qui-</strong></span> 
     </span>
     <span class='ocr_line' id='line_1_26' title="bbox 199 2885 1298 2978; baseline 0.008 -27"><span class='ocrx_word' id='word_1_206' title='bbox 199 2886 263 2952; x_wconf 87' lang='lat' dir='ltr'><strong>bus</strong></span> <span class='ocrx_word' id='word_1_207' title='bbox 284 2909 357 2950; x_wconf 88' lang='lat' dir='ltr'><strong>eum</strong></span> <span class='ocrx_word' id='word_1_208' title='bbox 378 2885 510 2950; x_wconf 88' lang='lat' dir='ltr'><strong>Lesbiis</strong></span> <span class='ocrx_word' id='word_1_209' title='bbox 531 2887 720 2970; x_wconf 86' lang='lat' dir='ltr'><strong>conveniat,</strong></span> <span class='ocrx_word' id='word_1_210' title='bbox 758 2911 896 2978; x_wconf 88' lang='lat' dir='ltr'><strong>quornm</strong></span> <span class='ocrx_word' id='word_1_211' title='bbox 917 2895 1050 2978; x_wconf 78' lang='lat' dir='ltr'><strong>potitae,</strong></span> <span class='ocrx_word' id='word_1_212' title='bbox 1087 2889 1156 2956; x_wconf 86' lang='lat' dir='ltr'><strong>sive</strong></span> <span class='ocrx_word' id='word_1_213' title='bbox 1177 2893 1298 2960; x_wconf 77' lang='lat' dir='ltr'><strong>Alcaei</strong></span> 
     </span>
     <span class='ocr_line' id='line_1_27' title="bbox 200 2987 1297 3084; baseline 0.007 -31"><span class='ocrx_word' id='word_1_214' title='bbox 200 2987 413 3054; x_wconf 74' lang='lat' dir='ltr'><strong>fortissimum</strong></span> <span class='ocrx_word' id='word_1_215' title='bbox 434 2987 577 3052; x_wconf 67' lang='lat' dir='ltr'><strong>animum</strong></span> <span class='ocrx_word' id='word_1_216' title='bbox 599 3000 745 3078; x_wconf 86' lang='lat' dir='ltr'><strong>spectas,</strong></span> <span class='ocrx_word' id='word_1_217' title='bbox 777 2989 879 3055; x_wconf 84' lang='lat' dir='ltr'><strong>nullis</strong></span> <span class='ocrx_word' id='word_1_218' title='bbox 899 2989 993 3056; x_wconf 86' lang='lat' dir='ltr'><strong>malis</strong></span> <span class='ocrx_word' id='word_1_219' title='bbox 1014 2991 1171 3077; x_wconf 78' lang='lat' dir='ltr'><strong>fractum,</strong></span> <span class='ocrx_word' id='word_1_220' title='bbox 1207 2996 1297 3084; x_wconf 91' lang='lat' dir='ltr'><strong>peri·</strong></span> 
     </span>
     <span class='ocr_line' id='line_1_28' title="bbox 199 3089 1295 3184; baseline 0.008 -30"><span class='ocrx_word' id='word_1_221' title='bbox 199 3089 348 3154; x_wconf 86' lang='lat' dir='ltr'><strong>culorum</strong></span> <span class='ocrx_word' id='word_1_222' title='bbox 374 3100 555 3173; x_wconf 89' lang='lat' dir='ltr'><strong>amantem,</strong></span> <span class='ocrx_word' id='word_1_223' title='bbox 591 3089 666 3156; x_wconf 90' lang='lat' dir='ltr'><strong>odio</strong></span> <span class='ocrx_word' id='word_1_224' title='bbox 688 3090 723 3156; x_wconf 91' lang='lat' dir='ltr'><strong>in</strong></span> <span class='ocrx_word' id='word_1_225' title='bbox 744 3091 951 3184; x_wconf 76' lang='lat' dir='ltr'><strong>adversarios¹</strong></span> <span class='ocrx_word' id='word_1_226' title='bbox 974 3093 1183 3183; x_wconf 84' lang='lat' dir='ltr'><strong>flagrantem,</strong></span> <span class='ocrx_word' id='word_1_227' title='bbox 1222 3095 1295 3163; x_wconf 84' lang='lat' dir='ltr'><strong>sive</strong></span> 
     </span>
     <span class='ocr_line' id='line_1_29' title="bbox 200 3189 1292 3282; baseline 0.009 -26"><span class='ocrx_word' id='word_1_228' title='bbox 200 3189 332 3281; x_wconf 86' lang='lat' dir='ltr'><strong>Sappho</strong></span> <span class='ocrx_word' id='word_1_229' title='bbox 354 3213 463 3256; x_wconf 87' lang='lat' dir='ltr'><strong>amore</strong></span> <span class='ocrx_word' id='word_1_230' title='bbox 490 3191 666 3274; x_wconf 77' lang='lat' dir='ltr'><strong>fervidam,</strong></span> <span class='ocrx_word' id='word_1_231' title='bbox 705 3193 834 3260; x_wconf 82' lang='lat' dir='ltr'><strong>divinae</strong></span> <span class='ocrx_word' id='word_1_232' title='bbox 855 3193 934 3260; x_wconf 85' lang='lat' dir='ltr'><strong>artis</strong></span> <span class='ocrx_word' id='word_1_233' title='bbox 955 3194 1140 3282; x_wconf 87' lang='lat' dir='ltr'><strong>consciam,</strong></span> <span class='ocrx_word' id='word_1_234' title='bbox 1178 3197 1292 3266; x_wconf 85' lang='lat' dir='ltr'><strong>nescio</strong></span> 
     </span>
     <span class='ocr_line' id='line_1_30' title="bbox 198 3291 799 3383; baseline 0.01 -29"><span class='ocrx_word' id='word_1_235' title='bbox 198 3291 278 3381; x_wconf 87' lang='lat' dir='ltr'><strong>quid</strong></span> <span class='ocrx_word' id='word_1_236' title='bbox 300 3291 472 3381; x_wconf 86' lang='lat' dir='ltr'><strong>Hispanici</strong></span> <span class='ocrx_word' id='word_1_237' title='bbox 493 3293 617 3383; x_wconf 85' lang='lat' dir='ltr'><strong>spirare</strong></span> <span class='ocrx_word' id='word_1_238' title='bbox 637 3293 799 3360; x_wconf 84' lang='lat' dir='ltr'><strong>videntur.</strong></span> 
     </span>
    </p>

    <p class='ocr_par' dir='ltr' id='par_1_4' title="bbox 195 3391 1292 4302">
     <span class='ocr_line' id='line_1_31' title="bbox 281 3391 1292 3489; baseline 0.014 -31"><span class='ocrx_word' id='word_1_239' title='bbox 281 3391 496 3482; x_wconf 81' lang='lat' dir='ltr'><strong>Neglcximns</strong></span> <span class='ocrx_word' id='word_1_240' title='bbox 524 3396 620 3461; x_wconf 89' lang='lat' dir='ltr'><strong>modo</strong></span> <span class='ocrx_word' id='word_1_241' title='bbox 651 3409 683 3463; x_wconf 89' lang='lat' dir='ltr'><strong>ct</strong></span> <span class='ocrx_word' id='word_1_242' title='bbox 715 3398 778 3464; x_wconf 88' lang='lat' dir='ltr'><strong>alia</strong></span> <span class='ocrx_word' id='word_1_243' title='bbox 809 3409 842 3464; x_wconf 89' lang='lat' dir='ltr'><strong>et</strong></span> <span class='ocrx_word' id='word_1_244' title='bbox 867 3419 1078 3489; x_wconf 86' lang='lat' dir='ltr'><strong>quaecunque</strong></span> <span class='ocrx_word' id='word_1_245' title='bbox 1109 3399 1292 3472; x_wconf 86' lang='lat' dir='ltr'><strong>Lesbiaeac</strong></span> 
     </span>
     <span class='ocr_line' id='line_1_32' title="bbox 196 3493 1292 3595; baseline 0.015 -35"><span class='ocrx_word' id='word_1_246' title='bbox 196 3493 337 3562; x_wconf 88' lang='lat' dir='ltr'><strong>dialecto</strong></span> <span class='ocrx_word' id='word_1_247' title='bbox 358 3519 433 3560; x_wconf 88' lang='lat' dir='ltr'><strong>cnm</strong></span> <span class='ocrx_word' id='word_1_248' title='bbox 436 3495 672 3564; x_wconf 87' lang='lat' dir='ltr'><strong>Doriensibus</strong></span> <span class='ocrx_word' id='word_1_249' title='bbox 693 3500 875 3566; x_wconf 87' lang='lat' dir='ltr'><strong>communia</strong></span> <span class='ocrx_word' id='word_1_250' title='bbox 897 3513 992 3580; x_wconf 86' lang='lat' dir='ltr'><strong>sunt,</strong></span> <span class='ocrx_word' id='word_1_251' title='bbox 1027 3528 1134 3595; x_wconf 89' lang='lat' dir='ltr'><strong>neque</strong></span> <span class='ocrx_word' id='word_1_252' title='bbox 1156 3505 1292 3576; x_wconf 86' lang='lat' dir='ltr'><strong>omnino</strong></span> 
     </span>
     <span class='ocr_line' id='line_1_33' title="bbox 197 3597 1291 3689; baseline 0.015 -28"><span class='ocrx_word' id='word_1_253' title='bbox 197 3597 259 3676; x_wconf 89' lang='lat' dir='ltr'><strong>iis,</strong></span> <span class='ocrx_word' id='word_1_254' title='bbox 301 3618 383 3689; x_wconf 85' lang='lat' dir='ltr'><strong>quac</strong></span> <span class='ocrx_word' id='word_1_255' title='bbox 413 3599 453 3664; x_wconf 95' lang='lat' dir='ltr'><strong>dc</strong></span> <span class='ocrx_word' id='word_1_256' title='bbox 476 3599 611 3666; x_wconf 88' lang='lat' dir='ltr'><strong>dialecti</strong></span> <span class='ocrx_word' id='word_1_257' title='bbox 638 3601 751 3668; x_wconf 87' lang='lat' dir='ltr'><strong>indole</strong></span> <span class='ocrx_word' id='word_1_258' title='bbox 777 3601 982 3682; x_wconf 87' lang='lat' dir='ltr'><strong>monuimus,</strong></span> <span class='ocrx_word' id='word_1_259' title='bbox 1024 3605 1161 3672; x_wconf 89' lang='lat' dir='ltr'><strong>multum</strong></span> <span class='ocrx_word' id='word_1_260' title='bbox 1186 3607 1291 3678; x_wconf 89' lang='lat' dir='ltr'><strong>tribui</strong></span> 
     </span>
     <span class='ocr_line' id='line_1_34' title="bbox 196 3687 1290 3791; baseline 0.015 -28"><span class='ocrx_word' id='word_1_261' title='bbox 196 3699 356 3765; x_wconf 88' lang='lat' dir='ltr'><strong>volumus.</strong></span> <span class='ocrx_word' id='word_1_262' title='bbox 402 3701 639 3768; x_wconf 87' lang='lat' dir='ltr'><strong>Difficillimum</strong></span> <span class='ocrx_word' id='word_1_263' title='bbox 661 3704 748 3768; x_wconf 87' lang='lat' dir='ltr'><strong>enirn</strong></span> <span class='ocrx_word' id='word_1_264' title='bbox 765 3687 974 3791; x_wconf 87' lang='lat' dir='ltr'><strong>judicamus,</strong></span> <span class='ocrx_word' id='word_1_265' title='bbox 998 3707 1129 3775; x_wconf 85' lang='lat' dir='ltr'><strong>dialecti</strong></span> <span class='ocrx_word' id='word_1_266' title='bbox 1150 3709 1203 3776; x_wconf 78' lang='lat' dir='ltr'><strong>vel</strong></span> <span class='ocrx_word' id='word_1_267' title='bbox 1223 3710 1290 3780; x_wconf 87' lang='lat' dir='ltr'><strong>lin-</strong></span> 
     </span>
     <span class='ocr_line' id='line_1_35' title="bbox 196 3795 1290 3897; baseline 0.014 -33"><span class='ocrx_word' id='word_1_268' title='bbox 196 3823 279 3888; x_wconf 85' lang='lat' dir='ltr'><strong>guae</strong></span> <span class='ocrx_word' id='word_1_269' title='bbox 306 3795 486 3890; x_wconf 89' lang='lat' dir='ltr'><strong>alicujus</strong></span> <span class='ocrx_word' id='word_1_270' title='bbox 476 3806 647 3892; x_wconf 74' lang='lat' dir='ltr'><strong>ingenium</strong></span> <span class='ocrx_word' id='word_1_271' title='bbox 677 3799 871 3896; x_wconf 78' lang='lat' dir='ltr'><strong>depingam,</strong></span> <span class='ocrx_word' id='word_1_272' title='bbox 909 3809 1100 3897; x_wconf 86' lang='lat' dir='ltr'><strong>praesertim</strong></span> <span class='ocrx_word' id='word_1_273' title='bbox 1130 3811 1245 3876; x_wconf 93' lang='lat' dir='ltr'><strong>ubi</strong></span> <span class='ocrx_word' id='word_1_274' title='bbox 1214 3836 1290 3880; x_wconf 78' lang='lat' dir='ltr'><strong>vcra</strong></span> 
     </span>
     <span class='ocr_line' id='line_1_36' title="bbox 195 3909 1292 4002; baseline 0.012 -36"><span class='ocrx_word' id='word_1_275' title='bbox 195 3923 276 3983; x_wconf 82' lang='lat' dir='ltr'><strong>vox,</strong></span> <span class='ocrx_word' id='word_1_276' title='bbox 308 3925 391 3990; x_wconf 86' lang='lat' dir='ltr'><strong>qnae</strong></span> <span class='ocrx_word' id='word_1_277' title='bbox 413 3927 479 3971; x_wconf 90' lang='lat' dir='ltr'><strong>non</strong></span> <span class='ocrx_word' id='word_1_278' title='bbox 507 3917 615 3996; x_wconf 88' lang='lat' dir='ltr'><strong>potest</strong></span> <span class='ocrx_word' id='word_1_279' title='bbox 636 3931 779 3998; x_wconf 86' lang='lat' dir='ltr'><strong>unquam</strong></span> <span class='ocrx_word' id='word_1_280' title='bbox 809 3909 915 3975; x_wconf 86' lang='lat' dir='ltr'><strong>literis</strong></span> <span class='ocrx_word' id='word_1_281' title='bbox 938 3911 1018 3976; x_wconf 90' lang='lat' dir='ltr'><strong>satis</strong></span> <span class='ocrx_word' id='word_1_282' title='bbox 1040 3911 1197 4002; x_wconf 84' lang='lat' dir='ltr'><strong>exprimi,</strong></span> <span class='ocrx_word' id='word_1_283' title='bbox 1226 3912 1292 3980; x_wconf 93' lang='lat' dir='ltr'><strong>du</strong></span> 
     </span>
     <span class='ocr_line' id='line_1_37' title="bbox 197 4000 1289 4100; baseline 0.019 -38"><span class='ocrx_word' id='word_1_284' title='bbox 197 4000 273 4064; x_wconf 91' lang='lat' dir='ltr'><strong>dum</strong></span> <span class='ocrx_word' id='word_1_285' title='bbox 302 4001 432 4070; x_wconf 89' lang='lat' dir='ltr'><strong>silentio</strong></span> <span class='ocrx_word' id='word_1_286' title='bbox 461 4007 590 4073; x_wconf 89' lang='lat' dir='ltr'><strong>cecidit.</strong></span> <span class='ocrx_word' id='word_1_287' title='bbox 656 4011 746 4077; x_wconf 87' lang='lat' dir='ltr'><strong>Aliis</strong></span> <span class='ocrx_word' id='word_1_288' title='bbox 774 4010 973 4078; x_wconf 76' lang='lat' dir='ltr'><strong>acartinribus</strong></span> <span class='ocrx_word' id='word_1_289' title='bbox 999 4011 1160 4100; x_wconf 88' lang='lat' dir='ltr'><strong>integrum</strong></span> <span class='ocrx_word' id='word_1_290' title='bbox 1187 4015 1289 4082; x_wconf 89' lang='lat' dir='ltr'><strong>relin-</strong></span> 
     </span>
     <span class='ocr_line' id='line_1_38' title="bbox 197 4100 1289 4209; baseline 0.018 -44"><span class='ocrx_word' id='word_1_291' title='bbox 197 4100 326 4192; x_wconf 88' lang='lat' dir='ltr'><strong>quimus</strong></span> <span class='ocrx_word' id='word_1_292' title='bbox 349 4127 449 4194; x_wconf 90' lang='lat' dir='ltr'><strong>opus,</strong></span> <span class='ocrx_word' id='word_1_293' title='bbox 474 4107 668 4175; x_wconf 87' lang='lat' dir='ltr'><strong>Lesbiorum</strong></span> <span class='ocrx_word' id='word_1_294' title='bbox 690 4112 856 4196; x_wconf 86' lang='lat' dir='ltr'><strong>moribus,</strong></span> <span class='ocrx_word' id='word_1_295' title='bbox 885 4127 972 4192; x_wconf 90' lang='lat' dir='ltr'><strong>artc,</strong></span> <span class='ocrx_word' id='word_1_296' title='bbox 996 4113 1134 4182; x_wconf 88' lang='lat' dir='ltr'><strong>dialecto</strong></span> <span class='ocrx_word' id='word_1_297' title='bbox 1155 4139 1289 4209; x_wconf 83' lang='lat' dir='ltr'><strong>compn-</strong></span> 
     </span>
     <span class='ocr_line' id='line_1_39' title="bbox 195 4203 1041 4302; baseline 0.013 -32"><span class='ocrx_word' id='word_1_298' title='bbox 195 4203 295 4288; x_wconf 86' lang='lat' dir='ltr'><strong>rntis,</strong></span> <span class='ocrx_word' id='word_1_299' title='bbox 318 4227 426 4270; x_wconf 81' lang='lat' dir='ltr'><strong>veram</strong></span> <span class='ocrx_word' id='word_1_300' title='bbox 448 4210 592 4298; x_wconf 87' lang='lat' dir='ltr'><strong>populi</strong></span> <span class='ocrx_word' id='word_1_301' title='bbox 583 4213 756 4302; x_wconf 75' lang='lat' dir='ltr'><strong>imaginem</strong></span> <span class='ocrx_word' id='word_1_302' title='bbox 779 4215 975 4281; x_wconf 85' lang='lat' dir='ltr'><strong>delineandi.</strong></span> <span class='ocrx_word' id='word_1_303' title='bbox 998 4251 1041 4268; x_wconf 92' lang='lat'>-</span> 
     </span>
    </p>
   </div>
   <div class='ocr_carea' id='block_1_4' title="bbox 0 0 1396 4768">
    <p class='ocr_par' dir='ltr' id='par_1_5' title="bbox 0 0 1396 4768">
     <span class='ocr_line' id='line_1_40' title="bbox 0 0 1396 4768; baseline 0 4"><span class='ocrx_word' id='word_1_304' title='bbox 0 0 1396 4768; x_wconf 95' lang='lat' dir='ltr'><strong> </strong></span> 
     </span>
    </p>
   </div>
  </div>
 </body>
</html>
