2814 4760
371 367 403 462 l.
430 365 492 444 47.
546 367 602 440 De
628 363 800 440 universa
824 362 973 438 Doride.
1144 361 1218 440 397

4 643 8 659 ,
125 574 222 658 licet,
245 573 393 640 Boeotis.
419 613 461 624 —
504 572 544 638 lu
566 569 794 640 declinatione·
809 579 958 636 nummus
981 570 1126 640 dativum
1146 573 1220 665 pln-

125 677 228 744 ralcm
249 675 365 742 tertiae
393 675 429 740 in
459 697 531 740 εσσι
560 685 753 759 exeuntem,
788 695 885 762 quem
905 672 1008 740 Doris
1029 683 1063 738 et
1083 685 1222 765 utraque

122 777 241 845 Aeolis
263 801 305 842 cx
325 775 518 866 antiquitate
540 786 755 866 aeceperunt,
785 774 905 841 deiude
925 774 1056 842 Atticae
1078 775 1222 845 declina·

123 879 225 946 tionis
243 901 361 944 vocum
382 878 419 944 in
441 904 471 954 ας
492 888 526 945 et
547 903 597 954 ευς
617 879 786 944 borrorem
809 876 929 945 iisdem
946 899 1163 945 communem.
1179 921 1221 934 -

125 981 165 1048 lu
186 980 440 1071 pronominibus
462 979 696 1072 personalibus
716 979 803 1069 apud
824 979 933 1046 Dores
954 990 988 1045 et
1008 979 1150 1048 Boeotos
1172 1007 1221 1050 re·

123 1081 297 1174 perinutnr
327 1081 465 1169 genitivi
494 1083 678 1172 singulares
710 1080 745 1146 iu
774 1107 809 1158 ς,
843 1092 880 1147 ut
909 1083 1018 1164 ἰμσῦς,
1059 1095 1091 1148 et
1121 1083 1224 1153 dativi

126 1185 315 1274 singulares
343 1185 379 1250 iu
408 1210 449 1249 se.
507 1183 739 1252 Nominativus
766 1183 852 1272 apud
875 1181 1009 1250 eosdem
1027 1194 1061 1249 et
1081 1185 1223 1254 Lesbios

124 1288 217 1368 inre
238 1287 306 1354 exit
337 1285 433 1366 (Dor.
457 1285 574 1352 Boeot.
597 1287 690 1370 ἁμές,
725 1286 828 1354 Lesb.
853 1285 983 1368 ἄμμες),
1018 1289 1223 1357 accusativus

126 1391 164 1457 in
187 1417 201 1455 r
221 1391 319 1470 (Dor.
342 1399 375 1457 et
396 1389 452 1455 vix
473 1389 569 1456 aliter
588 1387 746 1456 Boeotice
770 1389 846 1471 ἆμέ,
880 1387 984 1455 Lesb.
1010 1388 1116 1476 ἄμμε).
1160 1393 1224 1458 Ar·

0 1515 1 1526 ¹
124 1492 247 1560 tIculns
281 1515 355 1557 eum
389 1490 653 1558 demonstrativis
686 1489 738 1556 ὅδε
769 1501 801 1556 et
835 1488 927 1567 οὗτος
956 1491 991 1556 iu
1023 1492 1225 1562 nominativo

125 1595 247 1686 plurali
270 1593 357 1682 apud
379 1591 487 1659 Dores
509 1604 542 1658 et
562 1592 707 1660 Boeotos
728 1591 901 1680 antiquum
921 1619 938 1656 τ
959 1607 1084 1680 servat,
1116 1596 1225 1662 relati·

125 1721 204 1764 vum
225 1697 260 1761 in
283 1694 402 1760 iisdem
425 1695 516 1762 etin
537 1694 701 1762 Lesbiaea
724 1693 864 1760 dialecto
885 1721 902 1759 τ
922 1696 1083 1766 asciscere
1103 1710 1223 1788 potest.

124 1797 247 1866 Doridi
269 1797 401 1888 propria
425 1808 502 1862 sunt
524 1796 778 1863 demonstrativa
808 1801 918 1882 τῆνος,
952 1803 1109 1878 σσσσῆνσς
1136 1811 1169 1867 ct
1196 1802 1226 1866 ai

1 1955 3 1978 ἰ
126 1925 194 1992 qua
222 1901 355 1966 luerunt
384 1900 526 1983 similia,
559 1899 747 1966 reflexivum
778 1897 950 1978 αὐταυτσῦ,
989 1902 1078 1992 quod
1107 1914 1158 1968 est
1185 1927 1227 1970 cx

128 2000 224 2078 αὐτὸς
246 2000 340 2067 αὐτοῦ
360 2003 495 2067 lactum.
519 2041 560 2064 -ψ
604 2001 643 2067 lu
667 2001 901 2091 conjugatione
922 2002 1047 2070 Dorica
1069 2004 1155 2071 nibil
1176 2003 1225 2070 in-

125 2103 259 2195 signius
281 2115 331 2172 est
352 2127 450 2194 quam
473 2102 577 2168 laturi
605 2103 688 2172 ratio
718 2127 777 2188 ea,
812 2128 896 2194 quae
916 2116 992 2194 post
1016 2129 1037 2170 σ
1056 2105 1177 2172 inserit
1198 2131 1224 2186 s,
1252 2105 1259 2122 '

1 2193 3 2214 ;
123 2207 161 2272 in
183 2207 285 2274 variis
307 2205 438 2272 dialecti
459 2205 638 2294 generibus
659 2205 897 2274 diversissimis
919 2207 1006 2274 illud
1026 2207 1134 2276 modis
1155 2233 1226 2274 mu·
1335 2271 1339 2284 ,

125 2319 230 2374 tatum
252 2305 302 2394 (ξ.
326 2308 387 2392 35,
412 2309 432 2374 3
454 2321 487 2373 ct
509 2307 541 2391 ἕ.
565 2306 640 2391 26),
668 2333 733 2398 qua
756 2309 950 2374 lormatioue
971 2307 1132 2378 Doridem
1152 2335 1226 2402 pro·

126 2411 206 2502 pius
236 2433 333 2502 quam
362 2410 509 2500 reliquas
540 2409 696 2475 dialectos
726 2409 767 2476 ad
795 2411 937 2499 priscam
965 2411 1113 2504 linguam
1137 2435 1227 2480 aece-

1 2544 3 2572 t
128 2513 207 2578 dere
223 2511 415 2596 docuimus3
438 2513 547 2577 futura
565 2513 690 2602 passivi
712 2511 747 2577 in
763 2509 890 2577 Doride
906 2515 1050 2604 genuina
1065 2513 1227 2601 objectiva

127 2615 233 2681 l'orma
254 2613 304 2678 uti
325 2611 490 2680 videntur.
535 2613 564 2678 Ε
587 2613 807 2679 remotissima
828 2625 931 2680 aetate
946 2615 1090 2682 manavit
1103 2616 1227 2707 primae

128 2739 291 2808 personae
311 2715 451 2808 pluralis
473 2714 659 2782 terminatio
681 2711 736 2796 μὲς
756 2714 876 2781 Doridi
898 2716 1050 2808 propria,
1084 2742 1145 2784 nec
1167 2718 1227 2784 mi·

128 2843 193 2886 nus
214 2817 329 2884 tertiae
356 2816 497 2908 pluralis
526 2815 713 2884 terminatio
741 2843 806 2895 ατι,
840 2841 938 2907 quam
967 2820 1112 2888 notiores
1139 2831 1227 2888 certe

130 2921 263 2989 dialecti
284 2930 451 2986 mutarunt
471 2919 558 3000 (Art.
573 2919 647 2985 lon.
665 2919 804 3004 λέγουσι,
828 2918 932 2986 Lesb.
949 2923 1085 3008 le'yocos,
1108 2922 1225 2990 Bocot.

129 3025 272 3110 λε’γσαθι,
306 3023 389 3089 Dor.
413 3021 555 3106 λέγοντι).
610 3020 748 3088 Brevior
776 3021 892 3089 tertiae
912 3024 1051 3113 pluralis
1072 3028 1228 3117 praeteri·

1 3183 3 3218 q
128 3136 239 3194 torum
267 3124 513 3216 coujugationis
542 3123 580 3188 in
609 3149 644 3204 μα
675 3123 779 3191 forma
811 3149 915 3216 acque
944 3127 1079 3218 antiqua
1112 3127 1232 3216 (ἔγνον,Ι

1 3297 2 3308 g
130 3229 312 3306 satiares)
340 3227 505 3294 Aeolibus
527 3224 710 3292 communis
733 3237 794 3293 est.
852 3227 1015 3314 Ejusdem
1044 3229 1228 3298 infinitivus

131 3330 170 3398 in
191 3354 246 3412 pra
267 3330 336 3395 exit
356 3329 442 3420 apud
464 3351 580 3396 omues
603 3327 786 3394 Dorienses
808 3330 954 3420 exceptis
977 3330 1139 3417 Rhodiis,
1167 3335 1227 3422 qni

131 3430 393 3498 terminationem
423 3430 458 3496 iu
487 3457 554 3514 μεια
580 3431 788 3522 producunt3
818 3431 877 3498 illa
907 3431 991 3498 ratio
1020 3457 1087 3500 uon
1118 3435 1228 3502 minus

32 3555 36 3566 ·
133 3532 291 3600 Bucolica
313 3543 374 3600 est.
419 3533 591 3624 Participii
611 3533 750 3624 perlecti
770 3532 923 3600 seminini
937 3536 1141 3623 terminatio,
1163 3562 1229 3628 qua

132 3633 300 3726 antiquior
321 3633 423 3702 Doris
444 3636 597 3702 universa
618 3659 678 3702 usa
699 3657 772 3702 esse
792 3635 941 3722 videtur,
971 3661 1036 3704 uua
1062 3663 1134 3706 cum
1157 3641 1229 3708 vut-

134 3736 208 3829 gari
236 3738 290 3802 υἷα
320 3747 351 3802 et
372 3737 486 3804 Ionica
514 3740 566 3804 oia
595 3761 614 3804 e
635 3737 709 3804 rudi
730 3739 869 3828 quadam
889 3738 997 3830 prisca
1019 3742 1151 3830 prodiit.
1198 3741 1226 3808 E

133 3837 246 3908 verbis
274 3838 513 3928 irregularibus
542 3850 575 3906 et
605 3839 776 3908 defectivis
804 3841 944 3909 maxime
974 3855 1124 3910 notamus
1147 3867 1228 3912 aon·

134 3942 228 4008 nulla
250 3940 369 4007 Doridi
398 3953 453 4008 aut
478 3941 610 4034 propria
631 3953 686 4010 aut
706 3968 784 4036 prae
804 3943 942 4037 reliquis
965 3945 1114 4014 dialectis
1136 3947 1229 4013 lami·

136 4043 248 4111 timim
285 4042 455 4124 δὴλεσθαα,
483 4047 630 4124 deludes,
660 4049 812 4127 esseae,
844 4047 947 4133 ἴσαμι,
979 4053 1054 4128 triv,
1084 4052 1227 4132 μῶσθαι,

135 4143 316 4212 πάσασθαι.
375 4144 525 4232 Quorum
554 4171 654 4236 quum
676 4149 830 4238 pleraque
851 4173 870 4216 e
891 4174 1016 4218 summa
1037 4148 1229 4236 antiquitate

136 4247 254 4316 tradita
276 4273 379 4340 eaque
401 4250 474 4342 ipsa
491 4249 531 4331 de
548 4273 646 4317 causa
660 4273 679 4318 a
695 4250 834 4346 reliquia
849 4253 998 4322 dialectis
1015 4275 1082 4318 uon
1095 4249 1228 4316 omnino
