2814 4760
242 355 320 432 ’420
485 351 520 444 0.
539 349 600 428 lo.
653 351 710 424 De
730 347 916 425 severiore
940 347 1088 430 Doride.

245 557 380 649 liuguae
400 565 609 622 monumenta
631 565 826 644 supersunt,
849 551 992 620 Doricos
1012 553 1149 620 colonos
1168 553 1347 644 accepisse
1382 615 1384 640 ,

246 683 315 727 nou
337 668 481 739 curtat,
503 657 600 730 unica
622 657 763 724 'sortasse
784 653 897 722 lliuoa
912 654 1168 744 Cydoniatarum
1188 669 1345 746 excepta,
1382 673 1384 798 Ι

246 761 343 848 cujus
364 760 399 826 in
421 783 500 849 agro
521 758 637 826 titulus
666 782 718 824 ur.
741 757 827 824 2558
854 767 1002 846 repertus
1032 767 1101 842 ιιι,
1134 781 1208 824 uam
1231 759 1345 848 Cydo-

245 863 332 928 niam
353 861 589 952 aliquantisper
609 861 792 952 Aeginetae
813 871 985 934 tenuerant
1006 857 1075 927 vid.
1094 859 1222 927 lloeck.
1247 861 1342 928 Cret.

332 1163 518 1232 Severiuris
538 1162 676 1231 Doridis
703 1185 762 1253 per
790 1183 919 1230 omnem
941 1160 1071 1229 Cretam
1099 1183 1166 1227 uon
1194 1183 1259 1226 una
1290 1185 1342 1228 ca·

247 1267 387 1357 demque
408 1266 536 1356 species
556 1265 702 1350 valebat,
739 1263 797 1331 sed
818 1264 906 1332 haud
926 1264 1016 1332 leves
1038 1272 1228 1354 spectantur
1248 1262 1344 1328 diffe-

246 1368 395 1452 rentiae,
426 1369 499 1455 ejus
524 1379 630 1434 tamen
661 1365 814 1455 generis,
848 1389 931 1456 quac
956 1377 1060 1434 certas
1082 1365 1239 1455 quasdam
1262 1365 1343 1433 Cre·

248 1471 333 1544 ticae
355 1469 486 1538 dialecti
509 1469 636 1561 species
658 1479 807 1536 accurate
828 1467 973 1536 discerni
994 1491 1061 1536 nou
1084 1469 1289 1559 permittant.

332 1671 535 1742 Gravissima
557 1669 742 1738 differentis
771 1672 806 1738 iu
829 1669 1013 1741 accusativo
1035 1671 1155 1762 plurali
1178 1671 1344 1740 secundae

250 1775 480 1846 declinationis
502 1783 645 1864 apparet.
699 1773 865 1842 Laconica
885 1773 973 1840 euim
994 1785 1027 1840 ct
1047 1773 1210 1840 ltaliotica
1230 1774 1344 1840 terrui·

248 1879 337 1946 natio
359 1905 421 1956 ως,
444 1888 482 1944 ut
502 1875 624 1959 νόμως,
648 1875 683 1940 iu
706 1875 778 1948 solo
799 1875 968 1942 Latinium
991 1889 1025 1942 et
1044 1875 1254 1943 Olontiorum
1272 1876 1343 1942 loe·

247 1981 325 2046 dere
354 2003 405 2045 nr.
433 1978 538 2056 2554,
583 1976 673 2066 quod
710 1979 826 2044 horum
862 1979 1012 2068 linguam
1044 1979 1169 2046 relcrrc
1199 1977 1342 2058 ridetur,

249 2105 350 2170 quum
377 2079 547 2146 Latiorum
576 2078 742 2146 decretum
771 2105 823 2148 nr.
846 2080 931 2148 3058
963 2081 1103 2150 dialecto
1131 2079 1279 2165 diflerat,
1313 2093 1344 2148 et

248 2182 285 2248 iu
301 2179 510 2272 Epimenidis
532 2181 671 2271 epistola
692 2183 895 2272 conspicitur
915 2182 983 2252 vid.
998 2183 1031 2268 ξ.
1049 2183 1104 2268 20,
1118 2183 1148 2250 2
1160 2183 1194 2248 d.
1229 2181 1343 2266 Quam

245 2295 355 2350 autum
376 2281 477 2350 iidem
491 2282 621 2350 Olontii
642 2283 878 2350 inlinitivorum
898 2285 1160 2354 terminationem
1177 2286 1343 2374 corripere

247 2385 420 2456 rideantur
441 2398 478 2452 ut
498 2386 655 2473 ἐξορκίζει
675 2385 744 2453 vid.
767 2385 799 2469 §-
822 2388 885 2471 21,
907 2387 949 2473 6,
981 2389 1017 2454 iu
1037 2387 1200 2456 vocalium
1225 2416 1245 2468 e,-
1266 2399 1303 2454 et
1321 2413 1343 2450 e

248 2511 309 2578 pro
323 2487 513 2576 vulgaribus
530 2486 745 2578 diphthongis
767 2512 795 2554 ιι
816 2499 850 2556 et
873 2513 911 2556 oo
930 2513 994 2556 usu
1015 2490 1113 2582 plane
1134 2513 1210 2556 cum
1233 2490 1343 2556 ltalie·

248 2589 293 2656 tis
312 2590 514 2680 conspirent.
542 2629 585 2644 -
629 2589 754 2658 Contra
774 2588 925 2681 plerique
948 2591 1155 2660 Cretensium
1176 2614 1255 2670 cum
1277 2592 1343 2682 cp-

245 2692 376 2758 reuaeis
403 2703 436 2760 ct
463 2692 537 2758 aliis
558 2692 779 2760 Doriensibus
808 2703 1022 2762 extremarum
1052 2692 1252 2782 syllabarum
1274 2717 1343 2762 eor

250 2791 411 2881 ruptionis
427 2803 592 2878 amantes,
616 2791 670 2869 τὰς
683 2791 778 2875 νόμος
791 2795 977 2883 proferunt,
1000 2817 1086 2887 quac
1106 2795 1189 2862 ratio
1210 2809 1344 2887 apparct

248 2892 284 2956 in
312 2891 409 2958 titulo
436 2891 655 2984 llierapytuio
684 2917 735 2958 nr.
757 2895 864 2981 2555,
896 2895 1028 2964 loedere
1055 2897 1285 2964 Priunsiorum
1312 2911 1345 2965 et

247 2991 539 3082 llicnpytniorum
561 3017 612 3060 nr.
637 2993 742 3078 2556,
774 2993 810 3060 iu
838 3021 905 3088 qno
932 3000 1049 3069 horum
1070 3000 1186 3090 lingua
1207 3001 1344 3090 agnosci

246 3116 346 3186 poseo
366 3089 516 3179 uidetur,
537 3095 574 3162 iu
595 3094 736 3164 decretis
749 3095 884 3168 llinoac
897 3099 1153 3190 Cydoniatarum
1174 3127 1227 3170 nr.
1245 3103 1341 3186 2556,

247 3196 414 3264 Arcadum
436 3221 487 3264 ur.
510 3197 616 3283 3052,
646 3196 861 3268 Cnossiorum
883 3203 978 3271 3053.
1001 3203 1053 3288 A,
1082 3204 1228 3274 incertae
1250 3205 1342 3273 arlia

246 3321 299 3364 nr.
323 3299 417 3376 3053.
445 3299 486 3366 C.
540 3299 686 3370 Eosdem
712 3301 854 3394 populos
883 3303 920 3370 in
940 3303 1113 3372 infinitivis
1136 3313 1342 3400 correptione

247 3401 297 3466 uti
324 3412 579 3470 cousentaneum
608 3416 678 3490 est,
710 3404 780 3474 vid.
810 3405 843 3489 ξ.
865 3407 932 3492 21,
963 3409 996 3474 1.
1016 3407 1050 3474 6.
1083 3447 1126 3460 -
1169 3409 1340 3478 Postrema

247 3500 306 3568 ulii
329 3501 502 3570 Cretenses
529 3505 790 3593 antiquissimam
819 3509 997 3576 accusativi
1025 3511 1162 3578 formam
1190 3509 1264 3590 edes
1290 3511 1340 3578 ω’-

247 3625 324 3684 μοις
346 3614 535 3688 eemrunt,
557 3627 624 3672 noa
643 3605 754 3672 minus
772 3605 855 3674 alias
876 3632 1094 3680 consonarum
1114 3613 1248 3680 illarum
1269 3639 1339 3682 cu

247 3701 385 3793 Argivis
413 3705 595 3796 paficntes,
637 3717 674 3774 nt
701 3707 826 3788 τιθένς,
858 3710 983 3792 πόνσα,
1016 3714 1224 3800 ὑπάρχουσα,
1260 3741 1339 3808 quac

245 3807 334 3893 apud
361 3807 508 3897 reliquos
531 3807 706 3876 Cretenses
736 3809 830 3888 τιθήσ
858 3814 913 3881 vel
933 3816 1041 3895 reoe'e,
1077 3823 1166 3884 πᾶσι
1187 3829 1220 3886 ct
1240 3819 1339 3905 onos

243 3930 333 3993 puro
355 3921 519 3976 sonsrcnt.
574 3907 753 4000 Reperitur
772 3935 811 3978 ea
832 3913 916 3983 ratio
937 3917 974 3982 iu
997 3917 1139 3988 decretis
1160 3919 1339 3988 Vaxiorun

245 4033 296 4076 ur.
320 4007 405 4076 3050
425 4019 458 4076 et
478 4009 648 4102 laetiorum
669 4035 720 4078 ur.
740 4013 847 4097 3056,
871 4039 889 4082 ι
912 4021 1135 4107 prammsticis
1153 4020 1240 4088 male
1263 4022 1340 4094 Cre·

245 4109 329 4180 ticae
350 4107 490 4184 diuleetu
512 4112 549 4178 iu
566 4107 764 4184 'uuiversum
779 4113 938 4188 tribuitur
957 4122 1025 4190 rid.
1039 4123 1073 4204 §.
1086 4122 1139 4188 14.
1187 4121 1340 4193 Ceterum
