2866 4766
226 355 303 436 322
601 355 657 428 De
683 353 946 454 conjugatione.

227 565 340 634 eodem
370 563 553 651 fragmento
575 559 762 628 Bocchhius
789 572 877 626 reete
910 561 994 644 ent,
1042 560 1132 650 quod
1159 574 1211 628 est
1240 559 1331 652 apud
1400 563 1402 624 !

227 665 446 746 lleerenium,
471 662 597 750 respuit
619 675 652 728 ct
674 687 715 728 cx
736 665 780 738 εἰς
802 663 837 729 in
860 661 959 730 Ohss.
984 659 1083 728 illiso.
1107 685 1180 729 cum
1196 663 1331 732 lioenio

226 765 266 849 ἧς
287 766 421 850 elicuit,
451 789 485 855 p.
511 763 572 830 145
593 764 635 829 Β.
669 788 728 853 pro
756 765 866 856 priore
897 767 959 828 ἐπί
979 765 1136 830 Ηεεεεείἰ
1159 766 1194 830 ἱιι
1219 766 1327 834 Dhss.

226 885 275 939 est
304 871 385 952 ἐστι’,
419 867 557 932 alterum
587 891 660 932 cum
689 866 809 934 vicinis
840 867 949 934 vcrhis
972 867 1007 932 in
1028 868 1081 932 his
1103 867 1207 934 deest.
1263 869 1329 936 Po·

227 985 347 1042 stremo
379 995 413 1061 p.
440 969 498 1036 151
522 968 562 1033 Β.
593 967 628 1034 in
659 971 840 1058 fragmento
870 968 1004 1034 Philoni
1035 969 1145 1037 dehito
1174 972 1237 1036 s’sui
1267 995 1329 1061 pro

226 1077 292 1140 ἐστι’
311 1098 329 1139 a
351 1070 519 1137 Bocchhio
541 1071 698 1158 seriptum
723 1083 785 1138 est.
829 1067 999 1160 Nusquam
1023 1071 1127 1161 igitur
1148 1074 1210 1138 ἔπε’
1233 1097 1330 1165 repe·

225 1179 309 1244 ritur
330 1173 395 1240 nisi
417 1197 459 1238 ex
475 1173 632 1239 Heereuii
654 1173 844 1242 auctoritate
867 1170 1082 1256 (rarissimam
1100 1171 1233 1240 (lauteri
1256 1175 1329 1242 edi·

225 1280 347 1346 tionem
369 1276 466 1343 nohis
489 1275 652 1364 inspicere
675 1299 741 1341 uon
764 1272 896 1359 licuit),
920 1299 1004 1365 quse
1028 1297 1126 1363 quam
1147 1276 1182 1341 in
1198 1277 1253 1342 his
1275 1301 1328 1344 re·

224 1381 287 1447 hus
321 1381 365 1445 sit
392 1379 501 1462 nulla,
537 1399 634 1466 supra
665 1376 883 1444 iudicavimus
912 1377 945 1462 ἓ.
968 1379 1010 1460 2,
1034 1377 1099 1461 163
1134 1378 1327 1469 quicunque

225 1483 284 1550 alii
316 1481 470 1548 lectionis
502 1479 610 1545 fontes
642 1492 794 1556 monent,
840 1482 906 1544 ἐστι’
936 1490 1124 1546 constanter
1152 1481 1324 1569 praebent.

226 1585 390 1678 Apparet,
425 1583 559 1674 egregie
591 1594 739 1648 nostrum
767 1581 807 1646 de
829 1582 952 1648 formae
975 1583 1037 1645 ivel
1056 1583 1238 1650 recentiore
1259 1584 1326 1649 ori·

226 1691 303 1780 gine
321 1688 486 1776 judicium
509 1685 587 1751 inde
611 1684 819 1768 confirmari,
851 1684 941 1774 quod
963 1707 1006 1750 ne
1026 1681 1062 1748 in
1084 1696 1173 1750 tanta
1190 1685 1323 1775 quidem

226 1791 357 1859 dialecti
388 1789 598 1878 corruptione
618 1785 762 1853 Philolai
791 1786 982 1875 fragmentis
1013 1787 1102 1854 ieeili
1133 1811 1239 1853 errore
1260 1786 1321 1854 oh·

224 1907 315 1961 trusa
330 1905 398 1976 εει,
421 1903 454 1957 ει
474 1891 620 1957 vicissim
643 1888 857 1979 reliquiarum
879 1887 1043 1978 genuinae
1060 1890 1184 1980 origini
1195 1889 1322 1980 aliquid

225 1994 382 2088 praesidii
411 1993 489 2058 hine
519 1991 632 2081 quaeri
654 2013 765 2080 posse.
801 2029 841 2040 -
885 1989 958 2056 tam
992 2015 1088 2076 vero,
1126 1991 1212 2058 unde
1241 1991 1323 2058 mira

224 2099 287 2164 ista
308 2099 414 2163 torma
435 2119 453 2160 e
474 2093 613 2160 Doridis
637 2091 883 2158 simulatoribus
913 2093 1013 2182 petita
1035 2095 1111 2161 est‘l
1164 2093 1232 2159 Vax
1261 2093 1322 2158 tihi

223 2197 450 2289 persuaseris,
484 2205 606 2258 temere
627 2194 733 2258 fletam
756 2217 841 2260 esse.
889 2193 1003 2284 ltaque
1027 2196 1233 2283 suspicamur
1254 2197 1321 2286 ple·

223 2300 332 2388 hejam
360 2295 553 2364 recentioris
574 2295 712 2364 Doridis
742 2295 982 2376 elocutionem,
1015 2299 1102 2364 sicut
1131 2299 1165 2364 in
1196 2297 1322 2364 doudel-

224 2429 327 2468 κνυντο
356 2414 388 2468 ει
418 2403 541 2486 ρι’βαντι
570 2396 654 2483 (vid.
688 2398 721 2482 ἓ.
746 2395 867 2484 38,1)
899 2400 1028 2466 tertiam
1058 2401 1260 2489 singularem
1289 2411 1321 2468 et

222 2505 383 2596 pluralem
407 2502 616 2585 contudisse,
652 2501 729 2566 inde
752 2501 966 2568 Theocritum
988 2503 1192 2593 arripuisse,
1212 2527 1232 2569 a
1254 2525 1319 2592 quo

223 2603 587 2696 Pseudo-Pythagorei
609 2627 701 2670 suam
715 2601 852 2670 Doridis
873 2604 1096 2694 cognitionem
1117 2605 1258 2672 maxima
1278 2630 1319 2670 ex

222 2723 313 2800 parte
345 2709 494 2774 hausisse
527 2707 692 2774 videntur.
751 2705 905 2773 Ceterum
938 2707 1027 2774 istud
1060 2709 1121 2771 ἐπι
1150 2729 1319 2799 nunquam

223 2812 311 2902 apud
326 2810 551 2886 Theocritum,
575 2811 704 2898 saepius
726 2809 813 2899 apud
828 2807 1053 2898 Pythagoreos
1073 2837 1091 2874 r
1112 2812 1214 2894 ipela.
1236 2809 1319 2876 asei-

224 2913 306 2996 scit‚
340 2909 491 2976 ntStob.
516 2909 693 2994 Fl.1,t‘›4
725 2935 757 3000 p.
783 2909 824 2976 10
853 2911 878 2978 l·
901 2912 962 2993 54,
995 2910 1069 2978 Est.
1093 2913 1130 2998 l,
1156 2913 1194 2996 5,
1217 2911 1263 2980 2⁰
1284 2912 1319 2978 in

221 3013 320 3079 libris
341 3010 506 3078 Hcereuio
529 3013 590 3076 ἐπί
609 3011 736 3078 edente.
1293 3079 1302 3098 ‚

306 3113 425 3180 Plur.
452 3113 482 3178 1.
528 3113 646 3194 ἐσμέν
674 3113 834 3180 Doricum
863 3115 983 3182 dicitur
1011 3115 1051 3181 ab
1080 3113 1255 3182 Eustathio
1282 3140 1317 3206 p.

221 3213 297 3294 780,
315 3213 358 3284 36
378 3239 419 3281 ex
437 3213 612 3282 Heraclide
634 3227 667 3282 et
688 3214 723 3281 in
743 3215 990 3288 Chelidonismo
1010 3217 1097 3310 apud
1111 3219 1318 3286 Athenaeum

221 3319 376 3386 traditum
405 3327 468 3384 est.
519 3317 593 3384 Hoc
614 3329 740 3385 certum
761 3332 829 3406 εει,
862 3321 1043 3387 Dorienses
1066 3345 1132 3386 non
1156 3322 1247 3404 ἐσμέν
1268 3319 1318 3387 di·

220 3421 331 3500 xisse,
367 3421 446 3505 εειΙ,
480 3419 547 3488 nisi
575 3421 681 3488 omnis
707 3421 789 3488 {ides
810 3421 881 3490 illis
902 3423 1088 3512 abrogaude
1110 3433 1179 3506 cst,
1211 3423 1316 3504 ε’σμές.

221 3523 296 3590 lluc
314 3523 423 3614 ipsum
445 3521 552 3588 estin
576 3521 705 3592 duobus
725 3524 894 3592 Theocriti
923 3523 1021 3592 libris
1042 3525 1096 3612 11,
1119 3525 1179 3610 50,
1213 3549 1317 3616 quum

220 3626 329 3690 ethic
353 3636 386 3690 ει
407 3623 488 3708 XV,
510 3625 564 3690 73.
587 3626 640 3693 89.
663 3627 704 3694 91
728 3628 828 3716 vulgo
852 3628 932 3709 εἰμές
953 3627 1103 3716 legatur,
1137 3625 1171 3692 in
1193 3629 1317 3718 pejori-

220 3725 281 3792 hus
311 3724 482 3792 nonnullis
510 3725 607 3794 lihris
636 3725 723 3811 η’μές.
778 3727 869 3796 ldem
893 3730 973 3810 εἰμές
993 3728 1133 3794 traditur
1154 3730 1189 3795 in
1212 3729 1317 3796 canti·

219 3827 296 3895 lena
317 3825 481 3894 Laconica
502 3827 593 3894 Plut.
617 3829 700 3918 [γε.
724 3853 754 3895 ε.
770 3830 832 3914 26,
856 3830 1026 3920 Apophth.
1049 3855 1084 3921 p.
1099 3829 1183 3915 2343
1205 3833 1317 3900 ethic

221 3925 354 4020 quidem
375 3929 491 4018 procul
516 3929 615 3996 duhio
636 3932 740 4016 male3
763 3933 959 3998 severiorem
973 3931 1061 3998 enim
1077 3929 1237 3998 Doridem
1259 3945 1318 3999 eat

221 4029 312 4112 ἐσμές
341 4040 396 4095 aut
426 4029 502 4112 εἰμές
532 4035 763 4123 pronuntiasse
781 4035 982 4103 certissimae
1003 4032 1173 4122 analogiae
1195 4034 1319 4102 docent

221 4133 288 4199 vid.
312 4131 345 4216 §-
368 4131 429 4217 2⁰,
453 4134 484 4200 3.
509 4157 539 4200 a.

303 4235 418 4302 Plur.
441 4236 473 4304 3.
519 4237 603 4303 ἐντι
622 4252 673 4306 εει
693 4240 779 4332 apud
801 4239 1034 4334 Epicharmus
1053 4239 1095 4305 ir.
1112 4237 1167 4306 23.
1183 4237 1239 4306 27.
1258 4238 1315 4308 32.
