2814 4760
211 332 289 412 tot
313 329 346 424 l.
359 332 420 410 50.
441 333 498 406 De
509 325 659 406 Doridis
675 347 854 428 generem
867 335 905 399 et
917 318 1124 422 specierum
1143 318 1308 424 origine.

212 519 353 602 mitioris
383 531 475 606 nolle
507 531 656 622 exemplo
688 539 876 622 supersunt.
940 525 1167 596 Nihilominus
1203 523 1313 592 oertis

212 634 410 726 argumentis
444 632 663 701 demonstrari
691 641 825 724 potest,
861 628 964 697 molto
995 639 1091 694 entes
1120 626 1314 694 Dorienses

212 741 299 806 inter
320 735 466 804 severine
488 746 521 800 et
541 735 653 802 mitius
676 757 781 826 penne
798 731 922 801 divisos
943 731 1060 798 fnisse.
1103 728 1188 797 Nem
1206 729 1312 796 aienti

212 848 464 908 consentaneum
478 851 547 920 est,
570 837 773 904 eolonisrnm
794 834 930 904 eandem
952 833 992 900 eb
1009 831 1141 922 origine
1156 831 1309 920 lingum

211 942 315 1008 inisse
335 953 433 1030 etque
452 938 702 1028 metropolium,
737 935 783 1010 its
810 936 867 1004 vix
894 934 966 1002 fieri
993 945 1121 1025 poteret
1145 943 1184 1000 nt
1204 933 1310 1021 longo

210 1042 385 1126 intervallo
405 1041 581 1126 diremtse,
605 1039 745 1110 diversis
761 1037 946 1106 vioinornrn
967 1035 1145 1130 predone
1166 1035 1309 1102 eirenen

212 1143 324 1229 dotes,
352 1145 409 1210 vix
430 1143 500 1210 ullo
522 1143 660 1212 oretiore
682 1141 817 1211 vinonio
833 1141 971 1228 jnnetss
991 1149 1150 1228 nuseqne
1170 1136 1213 1204 sd
1234 1159 1309 1204 ess·

210 1245 284 1312 dem
316 1245 450 1313 disleeti
481 1245 679 1312 mutationes
712 1243 951 1312 deleberentor·
1004 1241 1141 1331 ltsqne,
1177 1238 1208 1306 si
1240 1261 1310 1330 qu

210 1348 360 1416 eolonise
380 1359 454 1414 enm
475 1347 648 1436 metropoli
676 1346 860 1414 eommunis
891 1355 989 1429 snnt,
1021 1367 1060 1412 es
1092 1353 1204 1410 nostro
1226 1340 1309 1427 jore

209 1473 230 1516 s
251 1449 476 1518 conditoribus
508 1449 599 1517 illoto
627 1447 873 1533 existimsmne3
905 1447 936 1514 si
958 1445 1081 1537 qnilm
1104 1444 1307 1533 discrepent,

210 1575 248 1620 es
269 1563 325 1618 sot
346 1553 386 1618 sb
407 1551 520 1619 slterie
541 1562 598 1618 snt
616 1551 658 1618 sb
679 1550 829 1640 ntrisqne
846 1560 975 1618 novom.
1006 1547 1083 1616 anr
1095 1569 1177 1614 vero
1189 1567 1307 1612 omnes

209 1653 379 1733 oolonise,
411 1677 495 1745 quse
516 1653 674 1722 historico
695 1665 841 1743 tempore
870 1651 895 1718 i.
920 1674 950 1717 e.
972 1661 1049 1742 post
1069 1647 1305 1740 Dlpmpisden

208 1753 340 1822 initium
361 1756 512 1824 eonditse
540 1768 637 1840 eunt,
667 1754 705 1822 in
725 1753 864 1822 Doridis
885 1775 1007 1842 genere
1027 1775 1103 1819 eom
1126 1773 1186 1820 sos
1205 1771 1303 1840 quse

209 1880 275 1948 qne
297 1859 471 1948 metropoli
492 1858 684 1926 eonoinnnt.
734 1857 853 1924 Mitius
873 1855 1013 1924 Doridis
1033 1877 1140 1945 genos
1159 1863 1197 1920 st
1216 1849 1305 1942 opud

208 1957 422 2050 Mepsrenses
443 1960 489 2027 its
511 1959 599 2050 opud
619 1961 736 2028 hornm
757 1960 892 2028 eolonoe
913 1959 1098 2050 reperitur,
1127 1951 1307 2046 Dpssntiss

208 2070 241 2128 et
263 2059 525 2146 contendentes,
548 2083 610 2129 neo
630 2061 741 2128 minus
761 2061 999 2144 Mesembrise,
1029 2081 1114 2150 quse
1134 2058 1177 2124 ab
1197 2057 1307 2124 honi·

209 2160 309 2226 nibus
330 2159 490 2248 Byzantio
513 2175 547 2230 et
568 2163 779 2230 Cheloedone
799 2164 951 2254 prologis
979 2159 1112 2230 eondits
1140 2172 1210 2246 est3
1250 2158 1306 2226 ὼ-

206 2260 305 2345 inde,
328 2285 430 2352 quum
453 2261 493 2329 de
516 2265 664 2356 ipsorum
678 2263 925 2331 Corinthiorum
947 2263 1062 2353 lingna
1081 2285 1148 2330 non
1164 2271 1305 2339 oonstet,

207 2362 243 2428 in
266 2363 419 2432 omnibns
442 2363 594 2432 Corinthi
615 2365 776 2444 ooloniis,
807 2365 993 2457 Corcyrae,
1022 2364 1241 2448 Ambrseise,
1267 2362 1307 2428 in

207 2463 414 2550 eleemonis,
436 2491 520 2558 quse
544 2465 729 2536 Corinthiis
749 2467 891 2536 eoloniis
912 2469 1033 2536 ret'erte
1052 2477 1139 2552 eret,
1163 2466 1304 2555 Synet-

208 2565 256 2634 sis
277 2579 312 2636 et
332 2569 369 2635 in
391 2567 672 2660 Spreeossnornm
694 2569 854 2648 coloniis,
876 2569 969 2638 lesse
990 2581 1024 2638 et
1039 2569 1158 2652 Aeris,
1180 2567 1303 2659 qrrilsns

206 2671 403 2762 eompsrstie
431 2672 472 2738 de
492 2675 684 2764 metropolis
703 2673 834 2740 mitiore
855 2669 982 2739 Doride
1002 2669 1147 2738 dubiteri
1167 2669 1302 2759 neqnit3

206 2784 373 2860 postremo
395 2783 428 2838 et
443 2773 555 2842 Rhodi
575 2786 609 2840 et
630 2775 665 2839 in
680 2773 886 2842 Rhodiorum
906 2773 1036 2841 eolonis
1052 2772 1136 2842 Gelo
1157 2783 1192 2838 et
1203 2771 1302 2862 Agri·

206 2873 318 2959 genti,
348 2873 438 2963 quod
458 2897 477 2938 s
500 2873 700 2942 Gelensibus
721 2875 889 2942 oonditnm
910 2885 971 2942 est.
1017 2873 1140 2940 Contrs
1159 2874 1304 2942 severior

205 2971 308 3038 Doris
341 2995 408 3038 nen
438 2973 550 3040 minos
580 2999 679 3065 qoem
709 2976 798 3066 spnd
827 2977 978 3046 Lacones
1011 2974 1169 3062 Terenti,
1213 2976 1303 3068 qnod

206 3071 358 3161 Spsrtoni
379 3097 439 3164 per
461 3075 654 3144 Parthenios
682 3078 921 3163 eondideront,
954 3087 987 3146 et
1008 3077 1189 3146 llerselese
1210 3101 1301 3168 repe·

205 3173 289 3242 riter
295 3225 307 3256 ,
329 3199 414 3268 qnoe
436 3190 487 3245 est
500 3177 756 3247 Terentinornnr
778 3182 920 3250 eolonis.
966 3179 1039 3248 Soli
1060 3179 1224 3269 Cprensei
1245 3203 1301 3246 ex·

204 3277 291 3366 cepti
306 3292 397 3364 eunt,
419 3303 521 3370 quom
534 3281 665 3350 Therse
679 3283 869 3373 metropolis
887 3281 1121 3373 inscriptiones
1138 3281 1300 3348 mitiorem

204 3377 363 3450 Doridem
385 3384 579 3470 exhibesnt,
610 3384 810 3475 Cyrensieee
832 3385 1040 3452 severiorem.
1096 3383 1198 3468 Quod
1219 3407 1300 3474 quo-

203 3483 301 3550 modo
331 3485 453 3550 foetum
485 3486 547 3563 sit,
586 3485 791 3576 Cyrenorum
824 3486 960 3554 historio
990 3485 1106 3577 sperit.
1162 3485 1300 3552 Constet

203 3583 292 3648 enim
321 3607 362 3649 ex
390 3585 559 3654 Herodoto
586 3588 651 3672 lv',
678 3591 751 3656 159.
776 3589 856 3682 151,
885 3611 987 3678 qnnnr
1014 3587 1077 3655 snb
1099 3588 1196 3656 tertie
1219 3611 1298 3677 rege

202 3681 299 3749 Botto
313 3685 347 3750 11
367 3689 464 3754 multi
485 3713 526 3755 ex
548 3690 638 3756 omni
653 3691 791 3758 Grseois
804 3691 914 3758 ooloni
925 3690 1162 3770 dormissent,
1185 3701 1298 3781 pestes

203 3807 221 3849 s
237 3783 437 3854 Demonacte
458 3814 571 3857 omnes
594 3791 720 3860 ineolss
741 3793 787 3858 its
807 3792 843 3858 in
865 3803 932 3860 tres
945 3795 1053 3861 tribus
1069 3791 1195 3862 divisos
1211 3815 1297 3876 esse,

202 3897 239 3952 nt
260 3909 324 3952 uns
345 3885 513 3960 Therseoe
534 3915 609 3960 oum
633 3895 791 3984 perioeois
813 3905 960 3979 teneret,
983 3895 1047 3982 slis
1068 3895 1246 3965 Cretenses
1264 3903 1298 3958 et

200 3985 483 4078 Peloponnesios,
506 3993 600 4060 tertis
623 4019 738 4064 ornnes
758 3996 943 4064 insulanos.
985 3997 1058 4064 Nee
1075 3997 1211 4064 dnbinnr
1232 4005 1295 4076 est,

202 4089 283 4177 quin
311 4089 473 4179 Theraei,
507 4096 566 4186 qni
593 4097 721 4166 tertiam
749 4099 952 4190 reipublicae
972 4112 1096 4189 portem
1117 4096 1294 4180 lssbebest,
