2834 4762
294 307 435 414 roeuu'l
455 333 631 412 unorum
656 345 692 408 u
715 332 991 410 meramnum.
1114 334 1191 418 aar

110 535 172 604 tto»
198 538 263 604 αἵτε
283 536 385 616 Hunc
417 538 481 606 uice
508 535 648 626 lilipym,
682 541 851 625 rossinol)
881 539 909 608 κ’
932 538 1075 620 ἀλλάλοις
1101 542 1141 610 cci
1166 543 1192 610 τ’

110 639 160 706 itt
175 646 229 705 sui
242 638 308 727 πὰρ
321 639 461 724 multitu·
485 643 520 706 αι’
539 643 572 706 δὲ
592 639 636 724 poi
655 645 775 708 nursiae
789 639 832 730 ²),
853 641 1000 710 τάλαντον
1021 644 1048 710 s'
1069 644 1195 732 eipyaipm

110 739 286 810 mutuom
311 746 353 825 τῷ
379 747 426 810 At
445 741 605 826 'Olnpmitp
631 748 680 809 roi
705 743 927 827 saddoelripssot
940 741 978 834 ⁵)
1008 747 1194 832 lmpnibips·

110 869 159 910 sna
172 839 224 931 ⁶)·
263 846 298 908 ai
327 845 363 908 δέ
386 867 434 932 cap
461 840 500 908 cd
520 843 644 930 ypciptu
670 847 710 928 cpi
724 841 760 936 ⁷)
792 847 989 916 cultatem
1014 849 1077 915 uice
1097 851 1196 928 Ιῖτας

115 995 379 1012 n—-t——Q-

114 1101 256 1170 quioribns
280 1099 408 1156 dialectis
432 1116 488 1158 non
507 1115 572 1156 esse
594 1099 733 1169 alienum.¹
770 1099 859 1158 Recte
884 1101 958 1160 enim
981 1083 1136 1162 Scholiasta
1161 1105 1199 1160 ad

116 1189 195 1244 arist.
215 1187 287 1244 Acb.
306 1190 370 1256 llll,
394 1187 443 1244 ubi
460 1188 564 1258 legitur
579 1183 657 1254 cadi,
681 1203 793 1244 monere
811 1187 936 1246 videtur:
964 1186 1075 1262 ipsam
1091 1189 1121 1248 dl
1137 1189 1200 1248 alut

114 1273 157 1330 τοῦ
178 1271 244 1330 sedi
260 1269 374 1346 γρίφων
395 1271 481 1344 cudi·
505 1277 621 1344 Δωρὶζιι
642 1270 704 1345 γάρ.
756 1275 856 1346 Neque
878 1275 966 1330 ullum
990 1276 1152 1357 bnjus,usns
1169 1279 1201 1338 in

19 1379 20 1434 j
113 1361 237 1418 aeolicis
254 1360 382 1416 dialectis
400 1359 546 1430 vestigium
569 1360 716 1432 reperitur.
761 1361 949 1418 Praetulimus
972 1361 1060 1432 igitur
1081 1365 1200 1420 aliorum

111 1446 165 1519 «ᾗ,
191 1448 319 1504 foedus
341 1447 501 1519 incipiat
524 1448 586 1504 boc
603 1463 706 1517 anno,
732 1463 795 1502 narn
812 1465 884 1519 quae
899 1448 1060 1504 Boecirbins
1077 1450 1152 1506 aad.
1171 1469 1200 1522 p.

113 1539 161 1594 877
179 1547 277 1591 contra
292 1544 384 1590 monet
400 1534 436 1590 de
453 1534 728 1618 demonstrativprum
745 1544 774 1592 et
791 1534 870 1590 verbi
888 1531 993 1606 ἄρχειν,
1010 1529 1145 1604 ἔρχεσθαι
1163 1537 1204 1605 ti,

113 1623 220 1678 etiamsi
238 1639 305 1677 vera
322 1621 487 1690 habeantur,
504 1638 521 1676 e
538 1621 664 1678 cultioris
682 1619 847 1676 Graecitatis
864 1620 974 1691 legibus
991 1623 1079 1694 petita
1095 1632 1158 1678 sust
1174 1631 1203 1678 et

114 1709 163 1766 rix
181 1719 256 1764 recte
273 1709 442 1764 adhibentur
458 1708 493 1762 ad
522 1707 602 1778 bujus
619 1706 694 1762 tituli
710 1707 943 1780 simplicissimam
960 1709 1130 1777 orationem,
1157 1709 1202 1766 cui

112 1795 251 1869 simplicis
275 1793 483 1851 demonstrativi
505 1791 520 1848 ὅ
544 1811 596 1866 pro
617 1785 663 1848 it·
689 1809 754 1848 usus
777 1795 847 1848 bene
868 1792 1017 1850 convenire
1033 1793 1154 1850 videtur.
1171 1825 1204 1838 -

112 1883 177 1940 Noa
194 1883 250 1938 alia
267 1881 304 1937 dc
320 1895 403 1936 musa
424 1879 455 1934 in
475 1879 654 1955 sequentibus
670 1894 732 1932 cnm
753 1879 817 1936 aliis
832 1877 870 1952 cpi
885 1896 967 1952 quam
982 1897 1044 1936 cnm
1059 1879 1206 1937 Boecitbio

113 1968 165 2025 rei
178 1969 273 2039 legere
290 1967 444 2024 maluimus.

147 2067 177 2134 b)
209 2065 245 2120 B.
268 2061 309 2136 aqi
324 2059 511 2134 aduam,
534 2061 617 2118 tovi
642 2060 792 2118 violato.
834 2062 1045 2118 At'dubitamus
1060 2080 1124 2120 cnm
1141 2064 1209 2120 aliis

114 2153 151 2210 de
176 2151 286 2224 passiva
301 2149 379 2206 vocis
403 2148 622 2220 significatione,
653 2147 772 2220 perlecti
797 2149 870 2204 enlm
892 2149 968 2218 quod
992 2149 1129 2222 passivam
1150 2151 1208 2206 uim

115 2239 198 2294 babet
215 2235 289 2308 apud
307 2234 479 2292 Herodotum
497 2245 525 2292 et
542 2234 728 2306 Euripidem,
751 2235 808 2303 alia
824 2245 866 2292 est
882 2234 953 2290 ratio
971 2251 1053 2304 quarn
1074 2253 1208 2308 praesen·

115 2325 167 2398 tis,
193 2323 270 2394 quod
288 2324 390 2378 rectius
407 2321 437 2378 in
456 2322 507 2376 bac
530 2321 620 2376 forma
637 2322 811 2392 agnoscitur,
836 2338 921 2390 quum
938 2321 1125 2392 reduplicatio
1143 2341 1209 2395 per·

115 2411 183 2468 lecti
210 2411 261 2464 vix
286 2426 407 2478 unquam
426 2411 489 2478 jure
514 2409 643 2478 neglecta
667 2417 791 2478 putetur,
819 2418 964 2479 praeterea
984 2405 1158 2466 munaum
1179 2411 1209 2466 in

116 2497 256 2572 proximis
272 2495 388 2552 mutam
407 2496 463 2550 vim
481 2495 572 2550 babet.
607 2494 706 2562 ltaque
722 2510 784 2548 cum
802 2491 866 2548 aliis
884 2493 1053 2562 legimuscol
1069 2493 1210 2566 :oddalri-

116 2605 210 2659 μενοι,
238 2584 278 2652 ii,
305 2581 365 2652 qui
387 2580 514 2638 ioedus
538 2579 687 2634 violent.
705 2589 738 2624 -l-
775 2579 903 2634 Ceterum
920 2577 937 2634 d
954 2579 983 2632 in
1002 2579 1046 2634 bis
1063 2581 1210 2652 duplicare

117 2674 279 2742 mairana,
304 2671 371 2740 quia
388 2667 512 2740 simplex
528 2681 681 2722 consonans
698 2665 728 2719 in
746 2664 899 2720 Pindarico
916 2661 1050 2734 aduncos,
1069 2667 1212 2724 Alcmaui.

18 2781 19 2786 ¹
117 2779 152 2816 eo
169 2761 306 2832 napum
322 2756 450 2828 poeticae
466 2753 595 2810 licentiae
612 2751 711 2808 deberi
728 2751 848 2808 videtur.

153 2858 183 2920 6)
217 2855 252 2908 Β.
270 2849 476 2922 λαιριιόμνον,
501 2849 576 2918 quod
595 2865 648 2920 pro
664 2843 864 2920 lccpsndpam
880 2863 942 2903 esse
958 2847 1029 2905 dicit
1044 2859 1073 2908 et
1089 2849 1215 2924 explica

118 2959 184 3018 per
209 2937 475 2998 venerationem
499 2935 714 3008 praestitum.
758 2935 813 3000 At,
835 2951 871 2990 ne
888 2951 1052 3006 urgeamus,
1074 2953 1146 3006 quae
1162 2938 1214 2994 alii

119 3037 286 3114 monnerunt
310 3026 346 3080 de
362 3023 477 3166 §mim
495 3023 575 3092 bnjns
599 3022 676 3076 uocis
699 3021 773 3092 apnd
798 3021 970 3090 antiquiores
995 3033 1071 3078 certe
1090 3039 1146 3082 nou
1162 3026 1215 3080 ob-

119 3117 199 3186 vio„
215 3127 260 3184 et,
283 3115 345 3186 ipso
388 3109 508 3166 oeckbio
525 3108 708 3176 concedente,
736 3108 772 3164 de
789 3108 901 3166 insolita
917 3107 1136 3178 significatione,
1163 3125 1216 3166 nos

121 3206 198 3261 lcrre
215 3218 271 3256 aon
287 3211 432 3272 possumus
448 3216 474 3252 aa
490 3211 543 3268 pro
560 3214 590 3250 ev
605 3195 734 3268 positum.
779 3195 850 3254 Nam
867 3211 939 3264 qnae
955 3193 1116 3250 Boeckbins
1135 3197 1216 3266 buius

122 3287 284 3348 mutationis
305 3285 436 3356 exempla
460 3299 477 3342 e
494 3283 607 3338 decreto
634 3281 663 3336 in
680 3279 856 3338 Timotheum
872 3281 979 3352 attulit,
1009 3277 1171 3352 ’Bicwmlap
1188 3293 1217 3339 ct

123 3376 302 3443 ducenteno,
336 3387 369 3427 ea
393 3370 496 3426 nullam
518 3369 708 3428 auctoritatem
732 3369 849 3436 habent,
882 3357 1127 3436 quun'verimtme
1143 3369 1215 3424 illud

125 3467 267 3522 decretum
285 3476 302 3514 a
319 3457 457 3514 Muellero
474 3457 546 3516 Dor.
563 3457 602 3513 11.
627 3457 724 3528 1)-373
746 3453 871 3524 spurium
894 3453 1047 3522 iudicetur,
1080 3456 1217 3522 usquein

125 3545 326 3608 recentissimis
342 3543 571 3616 inscriptionibus
589 3540 735 3602 Laconicis
750 3537 903 3608 asstante,
919 3543 1079 3611 astemoe
1095 3549 1148 3598 eto.
1165 3557 1219 3613 pro

127 3635 293 3702 θοοδιιταε,
311 3629 471 3704 Θεόπομπος
486 3630 556 3698 (vid.
574 3631 606 3686 0.
625 3631 648 3685 1.
665 3646 708 3686 nr.
728 3629 811 3694 12³9,
831 3628 909 3693 1³72)
928 3623 1123 3694 seandimus,
1150 3624 1221 3685 9ιὸ-

127 3739 240 3795 sepnor
264 3729 328 3776 otta
347 3727 411 3774 sunt
433 3715 483 3772 sed
500 3731 538 3774 ex
557 3715 764 3786 antiquioribus
781 3712 928 3770 Laconicis
950 3713 1048 3770 formis
1064 3711 1222 3784 amttam,

130 3807 303 3880 Σιὸπομπος.
344 3805 517 3862 Hermaunns
542 3803 688 3878 proposuit
711 3795 917 3871 λαμπόμενον
941 3815 1050 3854 anovo
1068 3800 1154 3856 verbo
1171 3797 1224 3858 la·

129 3895 246 3967 «pudo,
277 3904 306 3948 et
329 3891 524 3962 interpretatus
548 3897 591 3946 est
616 3887 693 3946 usui
718 3886 843 3958 templi
865 3901 969 3944 sacro
995 3885 1221 3944 destinatum.

133 3981 296 4042 boeckbius
321 3980 349 4034 in
373 3975 447 4033 aad.
478 3993 507 4052 p.
525 3977 626 4047 8⁷8,a
651 3991 713 4034 cunt
732 3974 887 4030 Welckcro
910 3985 1008 4028 novam
1029 3981 1056 4028 et
1080 3987 1174 4028 vocem
1194 3983 1224 4030 et

133 4062 500 4141 significationemrespuit.
534 4066 574 4118 At
590 4081 662 4133 vox,
688 4075 843 4130 quanquam
860 4075 949 4128 nova,
970 4067 1059 4116 umen
1077 4060 1166 4132 probe
1182 4069 1225 4116 est

137 4159 262 4216 formata
297 4153 369 4208 Nam
386 4147 467 4206 sicuti
483 4145 520 4203 ab
535 4143 635 4218 cicade,
660 4148 825 4216 lamnlns,
849 4139 1104 4202 derivatnroiuelos
1125 4145 1140 4198 l
1144 4145 1224 4200 ami-

140 4241 264 4312 linris‚
281 4237 347 4294 inde
362 4231 468 4294 abacia
485 4233 694 4294 familiarem
713 4231 839 4302 reddo,
857 4233 897 4288 ita
913 4247 930 4292 a
947 4227 1225 4304 ldcpaavelicepcla,
