2866 4766
208 267 286 348 930
587 271 644 342 De
667 269 932 372 conjugatione.

209 475 350 568 pluralis
382 473 626 541 terminationes
658 475 805 564 perlaato
836 473 985 568 proprias
1018 484 1051 540 et
1079 473 1115 540 in
1148 473 1315 564 exemplis

211 602 311 669 supra
331 603 350 644 e
373 576 547 666 Sophrone
569 577 678 644 allatis
700 587 789 644 tenet
810 589 844 644 ct
864 577 951 668 apud
965 577 1179 642 Theocritum
1201 575 1238 640 in
1263 580 1315 642 δι-

81 685 86 696 ’
211 680 416 764 doiaoptcl,
439 679 499 757 16,
529 680 722 763 τεθνάιιαμες
742 679 797 764 11,
821 679 861 763 5,
892 677 1057 744 landrum
1076 679 1158 755 XV,
1180 678 1225 745 82
1246 691 1311 744 cte.

210 783 356 851 Unicum
378 780 563 870 exemplum
595 782 861 848 terminationum
884 781 1065 872 praesentis
1086 781 1128 845 ad
1148 780 1313 870 pluralem

209 884 427 952 adbibitarum
449 893 500 950 est
519 883 554 948 i'n
570 883 709 973 Lysidis
725 885 920 962 Tarentini,
944 882 1147 968 uersiculi,
1170 881 1313 972 epistola

209 1013 246 1080 p.
268 988 311 1054 53
333 985 440 1053 Orell.
463 986 742 1070 ἐκβιβλαστάιιοιτι
769 987 870 1078 idque
899 987 995 1054 valde
1016 986 1175 1070 dubium,
1208 1009 1313 1076 quum

208 1090 334 1158 ibidem
364 1088 639 1174 t’yaoecudaddxnm
659 1090 808 1178 legatur,
841 1113 875 1179 p.
900 1089 943 1156 54
971 1088 1189 1171 ἕμπιφύιιαπι.
1245 1087 1315 1153 Te·

207 1217 298 1262 mere
321 1191 519 1260 Sclaaelerns
538 1190 575 1256 in
589 1190 756 1280 Lysandri
778 1191 919 1282 epistola
941 1193 1033 1258 Plut.
1052 1189 1201 1280 Lpsaud.
1224 1214 1256 1256 c.
1272 1191 1313 1256 11

211 1294 362 1362 ἁλώκαντι
384 1292 519 1384 scripsit
538 1317 598 1382 pro
621 1293 776 1359 ἁλώκαντι
804 1295 854 1371 (in
877 1295 1047 1384 Apoplrtla.
1071 1317 1104 1383 p.
1127 1295 1191 1362 229
1215 1291 1315 1358 iatri-

209 1423 300 1466 ama
327 1393 462 1483 editur).
517 1394 691 1463 Postremo
719 1421 762 1464 nc
791 1398 828 1462 in
857 1396 1020 1488 singulari
1048 1397 1182 1486 quidem
1204 1395 1314 1462 Siculi

210 1525 340 1591 semper
371 1497 619 1566 terminationes
649 1499 835 1590 praesentis
861 1500 1061 1566 asciverunt.
1117 1499 1209 1565 luter
1234 1521 1315 1564 coa·

209 1607 310 1672 trsria
341 1601 491 1693 exempla
524 1599 765 1691 Epiclrarmea,
811 1625 895 1693 qnae
932 1625 1030 1692 supra
1068 1601 1312 1694 congessimus,

210 1713 320 1774 ἕστακε
339 1708 384 1772 1ι·.
407 1707 449 1774 18
479 1713 512 1770 et
540 1702 623 1768 οἶδεν
643 1703 686 1772 96
714 1729 757 1772 ne
780 1703 983 1772 amandando
1006 1703 1141 1794 quidem
1164 1704 1196 1770 in
1217 1725 1312 1792 prac-

210 1809 315 1878 aentis
336 1807 588 1876 similitudinem
611 1807 720 1896 redigi
747 1821 906 1898 possunt3
941 1831 960 1872 e
982 1805 1163 1874 Theocrito
1182 1805 1259 1872 vide
1280 1805 1312 1890 1,

209 1911 253 1981 46
273 1912 442 1998 pleilpttlev,
470 1909 508 1992 Ι,
530 1908 574 1976 86
596 1907 721 1985 ἔοικας,
745 1910 831 1995 Vll,
854 1911 897 1978 99
920 1907 1002 1976 οἶδεν
1023 1918 1087 1975 etc.

293 2015 330 2096 2)
374 2009 692 2096 conjunctivus
717 2012 898 2078 secundum
912 2013 1080 2101 vulgarem
1101 2035 1198 2078 nsum
1221 2031 1312 2099 prae·

210 2116 314 2182 sentis
335 2111 624 2178 terminationibus
646 2112 770 2198 utitur,
792 2123 830 2180 ut
851 2115 919 2206 εἰδῇ
939 2114 1060 2205 Epiclr.
1079 2113 1143 2200 95,
1164 2111 1313 2194 πεφυτεύ-

209 2241 304 2283 ιιοινιι
323 2214 455 2282 lleracl.
479 2211 519 2299 l,
541 2214 597 2282 74.

295 2316 492 2409 Optativi
531 2318 665 2384 unicum
705 2319 892 2411 exemplum
929 2321 1089 2388 babemus
1126 2319 1309 2402 uancyolaa,

208 2423 299 2516 quod
319 2447 360 2490 ex
382 2419 548 2512 Eupolide
580 2419 616 2486 in
647 2419 774 2490 Sclroll.
803 2423 845 2490 ll.
877 2429 913 2502 ξ,
936 2423 999 2492 241
1029 2432 1310 2490 commemoratur.

209 2525 295 2595 Nam
318 2549 421 2616 φιιιιιι
443 2547 559 2614 parum
581 2524 753 2614 probabile
773 2526 836 2610 sit,
870 2525 959 2617 qnod
979 2523 1169 2590 Meinalrins
1193 2546 1312 2613 propo-

211 2631 279 2698 suit
299 2629 390 2697 llist.
415 2625 498 2694 Cris.
523 2649 563 2717 p.-
582 2627 668 2712 113,
691 2627 890 2719 Eupolidem
912 2627 1069 2693 aoristnm
1090 2627 1232 2709 nairnyoa
1251 2625 1312 2690 tia·

209 2755 289 2822 gere
310 2754 427 2798 ausum
455 2753 549 2813 esse,
583 2729 693 2819 potius
715 2730 914 2797 Laconicam
935 2753 1050 2798 vocem
1072 2753 1113 2796 cx
1133 2728 1313 2796 Halotibns

210 2835 417 2920 desumptam
439 2830 651 2920 agnoscimus
672 2857 731 2920 pro
753 2831 866 2898 Attico
887 2834 1069 2917 nenqyot'nv.

295 2931 579 3021 imperativus
609 2934 855 3022 conjugationis
883 2935 919 3000 in
943 2961 967 2998 ω
988 2933 1236 3000 terminationes
1258 2959 1313 3000 cx·

209 3036 322 3120 bibet,
355 3047 393 3101 ut
421 3034 546 3100 ιιιίιλυκι
575 3035 697 3124 Epiolr.
716 3036 765 3124 ¹),
798 3039 944 3122 γεγονέτω
966 3037 1117 3102 Arclrim.
1149 3036 1191 3104 dc
1214 3037 1312 3103 Plan.

209 3144 298 3230 Aeq.
332 3163 367 3229 p.
391 3138 450 3218 11,
486 3135 677 3203 oiaaoraae'ror
698 3139 738 3206 de
761 3139 903 3206 Couoid.
935 3165 968 3230 p.
990 3139 1074 3224 276,
1106 3165 1314 3224 παραπιπιω·

210 3243 288 3310 ιιέτω
310 3265 345 3332 p.
368 3239 445 3308 292.
496 3239 626 3332 3plur.
652 3241 859 3308 oiaamaxr'aua
878 3267 913 3332 p.
936 3239 1020 3326 285,
1054 3265 1152 3333 quam
1175 3243 1313 3308 sormam

211 3371 253 3414 ex
285 3342 514 3411 ἀιιοτακόνιων
543 3355 727 3436 corruptam
761 3371 836 3414 esse
867 3345 1086 3412 indicavimus
1119 3345 1152 3429 ξ.
1184 3345 1247 3431 36,
1278 3346 1312 3412 t.

211 3449 354 3517 Easdem
382 3445 633 3513 terminationes
665 3449 812 3541 vulgaris
833 3449 948 3540 lingua
970 3471 1035 3516 non
1057 3448 1200 3538 ignorat.
1246 3447 1313 3514 Ex·

210 3561 343 3640 ceptum
364 3559 415 3616 eat
436 3551 507 3616 ἴσθι
527 3549 674 3616 Acharn.
698 3553 773 3620 749.

295 3650 334 3738 3)
377 3651 642 3720 infinitivus
664 3654 767 3746 vulgo
788 3654 825 3720 in
847 3677 891 3718 eto
911 3653 999 3720 exite
1023 3651 1134 3720 liltod.
1157 3651 1312 3720 990511.

212 3751 346 3838 yayo'mv
367 3764 401 3818 et
423 3752 717 3838 [apponentium
738 3756 860 3846 Agrip.
882 3755 1034 3840 ytydasoa,
1058 3755 1159 3822 Pind.
1177 3757 1235 3823 01.
1247 3756 1312 3838 Vl,

211 3857 255 3923 49
275 3852 439 3938 γεγάκειν,
472 3855 562 3922 Plut.
587 3857 735 3946 Lysand.
758 3879 788 3924 c.
814 3859 855 3924 14
877 3855 1030 3937 nituisses,
1066 3882 1256 3949 quanquam
1278 3859 1312 3924 in

212 3955 379 4044 Laconico
403 3979 554 4024 sermone
577 3959 687 4048 potina
710 3957 835 4038 ἆλώιιην
863 3959 1083 4049 postulaveris
1111 3971 1167 4027 aut
1189 3961 1314 4036 ἁλωιῆ-

211 4085 278 4144 μιν.
323 4057 412 4126 ilinc
433 4059 522 4149 apud
543 4059 776 4150 Epicharmum
805 4063 849 4128 fr.
873 4063 915 4130 97
944 4088 1005 4154 pro
1033 4064 1223 4147 πεφυκέναι,
1257 4061 1313 4126 cni

213 4173 352 4232 matrum
373 4161 583 4244 adversatur,
616 4177 705 4234 recte
725 4163 874 4249 neptium
897 4165 1078 4258 repositum
1099 4176 1203 4234 estet
1224 4161 1313 4256 apud
