2844 4770
217 383 270 461 20
559 377 590 472 b.
618 381 653 456 2.
707 383 763 455 De
790 377 961 456 sontibus.

218 582 307 654 boue
337 563 558 670 adhibendus,
599 605 642 650 uc
663 583 825 651 Laconica
854 593 1025 676 putemus,
1068 599 1152 672 quae
1180 579 1315 651 aliunde

218 686 352 772 aseivit,
373 685 426 754 vel
447 685 666 752 aLaconibus
688 687 760 774 ejus
782 687 894 752 aetatis
916 687 1040 772 aliena,
1063 707 1152 782 quac,
1165 683 1201 749 iu
1218 707 1315 750 suum

219 812 315 856 nsum
336 797 525 855 convertere
546 787 664 854 uoluit.
721 787 874 855 Ceterum
902 789 937 854 in
959 789 1056 855 tertio
1077 786 1188 878 operis
1209 787 1314 853 nostri

216 891 303 958 libro
339 911 549 980 quaeremus,
590 895 675 982 quas'
700 890 791 981 leges
818 891 854 957 iu
883 890 1029 957 dialectis
1058 888 1235 956 miscendis
1264 913 1314 956 ae·
1345 909 1350 916 ·

263 1003 339 1059 utus
357 991 412 1059 sit.

105 1160 112 1174 ,
217 1015 262 1085 ‘1⁸¹
304 1095 536 1186 Spartanorum
559 1091 724 1160 decretum
752 1093 792 1160 dc
814 1117 895 1186 pace
917 1117 991 1160 cum
1011 1092 1148 1184 Argivis
1169 1094 1313 1162 iucunda

216 1197 304 1290 apud
323 1197 549 1286 Thucydidem
569 1197 610 1263 L.
633 1196 667 1262 V
694 1221 724 1288 c.
747 1197 791 1264 77
819 1196 980 1262 Laconica
1008 1195 1147 1262 dialecto
1164 1198 1312 1265 ¹couscri-

214 1311 308 1392 ptum
331 1299 434 1366 fuisse
454 1309 587 1390 apparet
609 1299 753 1392 euerbis
776 1301 820 1362 eoi
842 1303 902 1363 σιῶ
925 1298 1059 1381 eductos
1080 1322 1141 1388 pro
1162 1303 1219 1368 τοῦ
1231 1302 1312 1366 θεοῦ

213 1403 376 1487 θύματος,
407 1401 569 1468 Laconica
595 1401 794 1493 proprietate
822 1399 1020 1488 insignibus.
1072 1399 1242 1468 Nonnulla
1262 1411 1310 1466 ta·

214 1519 290 1572 meh
320 1503 374 1575 vel
399 1503 604 1594 'l'hucydidis
636 1504 689 1570 vel
716 1501 925 1568 librariorum
952 1503 1047 1594 culpa
1074 1503 1114 1568 ad
1141 1503 1311 1592 vulgarem

213 1607 372 1673 rationem
390 1607 519 1672 redacta
540 1615 628 1672 sunt.
680 1605 736 1672 Illi
756 1605 930 1670 tribuimus
952 1604 1112 1693 digamma
1132 1604 1167 1670 iu
1189 1609 1311 1672 sisoim

145 1797 148 1804 ⁴
214 1710 390 1794 omissum,
428 1708 481 1774 his
502 1729 539 1774 ov
560 1707 691 1800 saepius
711 1731 773 1798 pro
794 1707 960 1774 Laconico
982 1733 1005 1770 u
1033 1707 1189 1797 scriptum
1216 1717 1309 1790 (uam

211 1809 423 1900 'lhucydides
448 1811 614 1902 antiquam
643 1811 835 1900 scripturam
864 1819 1022 1900 sequutus
1055 1820 1227 1901 utrumque
1254 1833 1308 1878 ea·

212 1911 287 1978 dem
307 1912 402 1978 litera
424 1938 440 1979 o
462 1913 664 2004 expressisse
685 1913 850 1996 videtur),
882 1911 1046 1977 nescimus
1076 1911 1170 1978 illine
1192 1937 1234 1977 au
1253 1913 1308 1979 his
1348 1937 1353 1947 ·

212 2013 419 2100 ἀναιροῦντας
446 2039 508 2105 pro
529 2015 692 2081 Laconico
716 2013 914 2100 ἅναιρὶοντας
934 2023 968 2080 et
988 2008 1153 2079 ἑσσοῦνται
1172 2032 1234 2105 pro
1256 2017 1309 2082 ἕσ-

212 2117 342 2182 olonna.
393 2117 542 2182 Pessime
572 2117 612 2182 de
632 2115 770 2181 dialecto
791 2126 824 2180 et
843 2116 944 2202 hujus
967 2115 1089 2182 decreti
1111 2125 1144 2182 et
1164 2117 1307 2184 foederis

208 2217 255 2304 V,
278 2219 339 2303 79,
374 2217 463 2307 quod
480 2217 679 2307 Argivorum
701 2216 846 2308 liugnam
868 2219 986 2304 refert,
1005 2218 1167 2306 judicavit
1187 2221 1306 2312 Poppo

208 2319 313 2386 Proll.
335 2317 442 2386 Thus.
467 2321 485 2387 l
506 2345 540 2410 p.
560 2321 645 2405 234,
683 2343 791 2410 neque
814 2321 986 2411 quisquam
1009 2319 1190 2407 intellexit,
1224 2321 1307 2412 quid

206 2421 381 2488 interesset
394 2421 481 2488 iuter
495 2423 618 2490 decreti
633 2433 666 2488 et
680 2422 821 2488 foederis
837 2423 1022 2490 dialectum.
1054 2423 1165 2508 Quare
1174 2433 1303 2516 'utrum-

207 2548 271 2614 que
292 2525 328 2590 iu
350 2514 545 2615 Appendice
567 2521 674 2590 denuo
696 2525 894 2591 recensitum
915 2523 1153 2592 exhibebimus.

289 2625 555 2716 lusignissimum
576 2625 758 2693 Laconicae
780 2627 910 2692 dialecti
931 2627 1096 2717 specimen
1110 2628 1305 2720 Aristopha-

204 2749 264 2793 ues
286 2727 382 2794 nobis
403 2728 557 2818 reliquit,
575 2727 746 2800 Laconum
766 2727 945 2794 orationem
966 2729 1002 2795 in
1024 2731 1204 2821 Lysistrata
1224 2733 1305 2800 satis

205 2839 353 2896 accurate
373 2829 538 2912 imitatus,
560 2851 765 2918 quanquam,
788 2829 818 2895 si
834 2853 898 2920 qua
916 2843 1050 2920 peccata
1070 2833 1242 2920 videntur,
1265 2859 1305 2902 ea

204 2929 275 2995 uoli
304 2929 414 2996 omnia
441 2929 585 2996 librariis
613 2930 785 3019 imputare.
821 2963 858 2976 -
914 2930 1024 3000 Simili
1045 2937 1141 3002 modo
1163 2935 1303 3028 Eupolis

202 3030 239 3097 in
266 3030 442 3098 llelotibus
471 3031 629 3114 (hleinels.
659 3031 822 3120 Fragmm.
854 3031 981 3102 Comm.
1014 3037 1074 3104 Gr.
1110 3039 1145 3105 ll
1177 3063 1211 3130 p.
1235 3041 1299 3110 481

115 3135 119 3146 '
202 3135 313 3224 seqq.)
345 3143 379 3200 et
405 3133 566 3225 Epilycus
594 3132 630 3200 iu
661 3133 851 3222 Coraliseo,
896 3137 991 3225 cujus
1019 3141 1237 3229 fragmentum
1262 3143 1300 3209 iu

200 3234 396 3326 Appendice
417 3235 618 3302 emendatius
639 3257 859 3328 apponemus,
881 3239 1045 3309 Laconica
1064 3245 1225 3312 uouuulla
1237 3243 1300 3312 At·

199 3337 276 3405 ticis
295 3338 594 3405 intermiscuerunt.

286 3439 437 3508 Chilonis
459 3439 597 3531 epistola
618 3439 704 3529 apud
724 3439 832 3531 Dioge
845 3441 954 3512 Laert.
977 3446 1014 3532 l,
1036 3447 1079 3514 73
1101 3449 1212 3542 spuria
1233 3461 1297 3537 est,

201 3563 386 3632 quenquam
399 3541 594 3610 Laconicam
612 3541 786 3608 dialectum
806 3543 960 3614 imitatur.
990 3549 1110 3618 Variae
1125 3551 1203 3618 fidei
1219 3563 1301 3620 suut

199 3643 399 3730 cantilenae,
436 3645 613 3738 epistolae,
646 3645 916 3734 apophthegmata
938 3651 1105 3720 Laeonum
1126 3676 1145 3719 a
1167 3653 1299 3722 Plutar-

200 3745 263 3812 cho
282 3745 488 3837 potissimum
509 3759 651 3836 servata,
674 3775 812 3841 quorum
834 3777 892 3838 ca,
915 3778 997 3846 quae
1011 3755 1207 3822 Laconicam
1228 3757 1298 3825 dia·

195 3843 317 4018 diem
345 3848 455 3938 paullo
484 3853 664 3919 accuratius
700 3853 907 3946 exprimunt,
940 3856 976 3924 in
1003 3853 1211 3950 Appendice'
1228 3861 1298 3930 col·
1399 3939 1400 3946 ἵ

221 3971 456 4119 genlllescretum
476 4052 511 4118 iu
531 4053 740 4122 Timotheum
766 4079 784 4122 a
805 4059 1050 4146 grammaticulo
1070 4059 1182 4128 fictum
1203 4087 1292 4152 esse,

194 4151 253 4244 qui
273 4175 374 4243 quum
394 4155 553 4223 nonnulla
572 4157 613 4224 de
624 4155 786 4226 Laconica
807 4159 946 4230 dialecto
960 4163 1058 4230 laudo
1073 4164 1290 4256 percepisset,

191 4251 347 4346 pleraque
367 4253 565 4325 foedissimis
578 4259 744 4328 erroribus
757 4272 920 4354 turparet,
941 4264 1110 4334 verissime
1123 4265 1289 4336 bliillerus
