2862 4770
304 349 338 441 §-
361 350 421 428 35.
470 352 527 424 Do
547 363 790 448 systematum
814 349 1046 427 formatione.
1146 351 1224 432 288

128 553 264 622 teutim
295 563 438 620 nostram
466 551 695 642 exposuimus,
729 575 906 644 paucorum
935 555 970 620 iu
1003 557 1225 646 coguitionem

127 657 320 748 persesdsse
333 656 495 737 videatur,
519 679 676 722 summam
693 655 743 722 rei
758 656 923 724 succincte
940 658 1011 745 jam
1026 671 1222 749 repetemus.

216 747 335 826 Omnis
367 759 511 826 Graecae
541 755 784 848 conjugationis
813 759 897 824 ratio
925 759 1065 826 mxime
1092 762 1127 827 iu
1157 785 1224 852 sy·

128 861 329 929 stematis
367 873 538 946 versatur,
580 883 665 949 quae
704 883 747 926 ue
784 861 889 927 ullum
924 861 1057 950 quidem
1089 864 1224 930 verbam

127 965 239 1034 omnia
268 963 485 1054 amplectitur.
542 962 726 1052 Sgatcmata
755 975 863 1029 autem
891 965 972 1030 lsaac
1000 987 1019 1030 a
1047 965 1145 1034 nobis
1165 989 1226 1033 vo-

127 1079 272 1134 canture.
298 1067 333 1150 1)
354 1067 517 1132 Praesens
538 1088 613 1131 cum
635 1065 852 1154 Imperfecto,
885 1067 921 1148 2)
943 1067 1130 1134 Perfectum
1151 1090 1225 1136 cuna

127 1169 480 1260 Plusquampcrlecto,
513 1169 548 1246 3)
576 1167 760 1249 Futurum,
793 1167 828 1248 1)
860 1168 1056 1234 Aoristusl
1082 1170 1161 1236 Asa.
1192 1180 1225 1238 et

126 1270 241 1356 Meu,
264 1273 298 1352 5>
319 1271 475 1364 doristus
496 1271 529 1336 ll
548 1271 626 1336 Act.
650 1281 691 1336 ct·
704 1268 817 1352 Met,
838 1267 874 1355 6)
894 1271 1052 1337 Auristue
1073 1272 1089 1338 1
1111 1272 1223 1356 Pass.,

127 1371 163 1456 7)
185 1372 341 1440 doristus
363 1372 397 1438 Π
418 1373 534 1458 Pass.‚
567 1373 604 1455 8)
629 1371 832 1438 lteratisum.
885 1371 961 1440 lam
983 1373 1090 1440 omnis
1111 1375 1225 1460 conju·

128 1473 216 1564 gatio
238 1473 366 1542 dualrns
387 1475 488 1544 rebus
507 1475 712 1559 continetur,
736 1485 948 1564 systematum
970 1476 1223 1542 formatione

128 1591 162 1644 et
181 1578 387 1646 flexione.
433 1577 651 1667 systematum
673 1578 900 1645 formationem
922 1601 992 1644 eam
1009 1579 1223 1668 appellamus,

126 1703 192 1770 qua
222 1705 240 1748 c
270 1682 372 1771 stirpe
401 1680 526 1748 verbali
555 1679 761 1769 singulorum
784 1691 994 1770 systematum
1017 1680 1137 1771 stirpes
1159 1681 1224 1746 effi·

126 1781 275 1858 ciuntur,
298 1793 336 1848 ut
356 1807 375 1849 a
395 1809 453 1848 τυπ
476 1781 665 1849 derivantur
687 1783 787 1873 stirps
809 1783 997 1850 Praesentis
1017 1782 1114 1868 τὺπι,
1143 1783 1223 1848 Per·

125 1883 205 1950 lecti
224 1909 333 1966 τειυφ,
367 1885 483 1952 Futuri
505 1897 539 1952 et
556 1885 686 1952 Aoristi
709 1887 725 1950 l
747 1904 828 1970 τυψ,
858 1885 987 1952 Aoristi
1006 1885 1023 1950 Ι
1044 1910 1078 1978 p.
1101 1894 1221 1968 τυφθη,

126 1985 255 2052 Aoristi
278 1987 312 2052 ll
332 2009 367 2076 p.
396 1985 489 2066 τὺπη.
544 1985 764 2076 systematum
792 1987 890 2055 flexio
919 1988 957 2054 dt
983 2011 1042 2077 per
1070 1987 1223 2054 termina·

124 2089 253 2191 tiones,
276 2113 337 2180 per
357 2099 567 2178 augmentum
588 2089 758 2156 indicativi
778 2090 1027 2180 praeteritorum
1050 2098 1083 2156 ct
1098 2089 1222 2179 aliqua·
1362 2129 1366 2138 ,

124 2203 223 2258 tenus
244 2215 303 2282 per
322 2191 485 2260 vocalium
507 2191 732 2260 mutationem.
786 2191 935 2276 Quatuor
955 2194 992 2258 in
1014 2215 1051 2258 ea
1073 2202 1222 2282 spectan-

125 2307 179 2360 tur
199 2294 446 2384 eonjugationis
474 2294 666 2362 varietatesa
712 2295 747 2374 1)
775 2295 967 2385 conjugatio
994 2295 1030 2360 in
1059 2319 1103 2374 ω,
1137 2317 1222 2384 qaae

125 2397 355 2488 complectitur
376 2397 534 2486 pleraque
555 2397 747 2464 Praesentia
767 2409 801 2462 et
818 2397 993 2488 plerosque
1012 2395 1167 2464 Aoaistos
1186 2397 1221 2462 ll

125 2523 154 2566 a.
178 2523 247 2582 ιιι,
285 2497 395 2564 omnia
423 2497 547 2564 Futura
575 2512 608 2564 ct
628 2499 804 2584 lterativa3
846 2497 884 2584 2)
906 2499 1094 2589 conjugatio
1116 2499 1152 2563 iu
1173 2524 1220 2580 ps,

125 2623 223 2690 qnam
252 2611 436 2692 sequuntur
465 2622 567 2689 pauca
588 2601 780 2667 Praesentia
809 2611 843 2667 ct
869 2601 966 2690 pauci
987 2599 1116 2666 Auristi
1136 2600 1171 2665 ll
1188 2623 1218 2665 a.

126 2727 194 2786 ιιι,
228 2709 342 2769 dmnes
363 2701 492 2768 Aoristi
512 2703 541 2768 l.
565 2703 600 2768 ll
621 2701 772 2789 Passivi3
817 2703 852 2783 3)
879 2702 1068 2790 conjugatio
1093 2701 1222 2768 Antisti

126 2806 191 2872 le
216 2823 285 2890 m.'3
318 2807 355 2884 4)
383 2805 571 2892 conjugatio
594 2805 751 2872 Persecti.
795 2804 1077 2872 Terminatiouum
1100 2805 1222 2896 duplex

124 2929 229 2997 genna
252 2917 433 2998 spectatur,
472 2909 609 2980 alterum
630 2908 667 2974 iu
688 2908 755 2994 iis,
788 2931 872 2998 quac
892 2908 993 2997 vulgo
1014 2907 1056 2974 ad
1078 2909 1219 2975 setinum

124 3006 312 3077 missimus
332 3021 365 3076 et
386 3011 422 3076 iu
445 3011 576 3078 aoristis
597 3010 742 3101 passivi,
778 3011 914 3078 alterum
936 3011 972 3077 in
994 3011 1132 3103 reliquis
1153 3035 1219 3078 me·

126 3111 174 3178 dii
195 3127 229 3178 et
249 3113 371 3202 passivi
393 3115 519 3180 los-mis.
579 3113 641 3180 ob
645 3113 802 3202 jectivi
823 3115 956 3182 nomine
978 3114 1036 3182 illa
1057 3112 1220 3205 complexi

126 3237 263 3300 sumus,
286 3217 367 3283 hacc
387 3215 644 3305 Subiectiri.

615 3431 648 3516 s.
673 3431 726 3497 ss.

382 3585 443 3634 ne
464 3587 702 3650 systematum
720 3587 960 3638 formattome.

188 3729 248 3815 ’1)
290 3731 398 3797 Pauca
428 3743 523 3810 suut,
557 3731 679 3822 quilsns
706 3733 949 3822 praesentis
976 3734 1128 3803 formatio
1149 3735 1217 3804 Do·

123 3831 191 3898 rica
213 3831 380 3922 evulgari
401 3833 525 3900 ratione
554 3834 778 3926 distinguitur.
831 3835 884 3902 De
912 3841 930 3913 ζ
958 3837 1045 3926 apud
1065 3837 1217 3908 Lacones

123 3932 337 4024 Megarenses
359 3935 394 4001 iu
417 3937 454 4000 tt
475 3947 615 4022 mutato,
646 3949 682 4004 ut
702 3939 821 4002 statuto
841 3961 902 4029 pro
922 3939 1056 4019 secretos,x
1072 3941 1216 4012 diximus

124 4036 156 4118 §-
182 4037 241 4120 12,
263 4037 295 4104 3.
319 4039 360 4122 43
392 4037 433 4104 de
455 4037 709 4106 Tarentinorum
741 4043 897 4106 tosslooo
917 4065 978 4134 pro
1000 4047 1129 4122 tostico
1150 4057 1213 4112 etc.

123 4136 307 4224 §.12,5;
350 4139 391 4208 de
423 4140 619 4220 eorundem,
653 4141 683 4208 si
714 4153 801 4210 recto
829 4143 989 4228 traditur,
1024 4144 1127 4222 ἀνάξω
1155 4171 1215 4236 pro

124 4237 255 4306 deduco
276 4253 339 4308 etc.
364 4245 397 4328 §.
422 4244 481 4328 13,
504 4243 544 4330 33
573 4245 609 4311 iu
630 4243 748 4312 iisdem
769 4245 982 4338 paragraphis
1004 4247 1045 4314 de
1065 4249 1142 4315 aliis
1162 4273 1214 4316 ra·
