2866 4766
340 347 372 444 §.
394 352 456 430 42.
491 354 548 427 De
567 351 823 454 conjugatione
840 357 1019 432 anomala
1149 359 1223 436 337

619 581 652 664 ς.
683 581 737 648 42.

395 717 456 768 ne
480 721 752 786 eonjngattorae
773 721 965 774 anomale.

217 837 444 926 Congerenans
480 839 515 904 in
546 842 634 908 huuc
660 841 793 925 locum,
835 855 871 908 ut
908 841 1110 908 consuetudo
1149 842 1225 926 lert,

130 964 348 1032 quaecunque
387 941 511 1030 regulis
551 967 649 1034 supra
685 943 862 1035 propositis
894 967 960 1010 uon
992 945 1226 1036 comprehensa

130 1053 231 1126 sunt,
275 1043 338 1109 alia
368 1041 403 1108 in
435 1044 623 1112 memoriam
649 1045 895 1128 revocabimus,
938 1047 1100 1112 nonnulla
1127 1046 1225 1112 verha

130 1145 351 1212 Doricusihus
374 1145 505 1236 propria
526 1147 708 1214 accuratius
728 1144 1010 1238 pertractabimus.
1062 1146 1226 1234 Fontibus

130 1247 239 1314 minus
260 1248 352 1340 puris
374 1247 564 1315 cautissime
586 1260 738 1334 utemur,
761 1247 839 1340 quia
861 1247 948 1338 apud
969 1247 1091 1337 lyricos
1113 1261 1145 1316 et
1165 1249 1226 1316 hu·

131 1349 277 1432 colicos,
310 1347 397 1440 apud
419 1349 814 1444 Pseudo-Pythagoreos
837 1363 870 1417 et
891 1349 972 1416 adeo
993 1350 1226 1418 Archimedem

129 1451 293 1542 plurima,
329 1475 412 1543 quae
441 1453 506 1518 huc
527 1453 713 1544 pertinent,
747 1479 813 1522 non
834 1463 975 1544 possunt
997 1463 1086 1520 certo
1109 1453 1149 1519 ad
1170 1477 1225 1542 ge·

128 1553 262 1620 aruinam
285 1551 444 1620 Doridem
466 1555 593 1624 referri.

216 1680 405 1766 ἀγγέλλω,
437 1681 561 1760 Auel
590 1679 758 1766 ἆγγὴλωπι
787 1681 877 1748 Cret.
910 1681 1018 1768 2556,
1047 1683 1109 1766 43,
1141 1707 1226 1773 quae

128 1783 230 1852 lectio
251 1785 371 1850 certior
393 1783 523 1850 videtur
538 1807 635 1875 quam
647 1785 731 1850 Aor.
744 1783 778 1850 ll
798 1783 970 1868 ἆγγέλωπκ,
995 1784 1225 1874 quemBocclr·

127 1888 206 1954 hius
228 1909 329 1952 unum
354 1887 708 1978 Pricaeum'seqnutus
740 1885 863 1970 edidit,
897 1909 1084 1976 quanquam
1112 1897 1145 1954 et
1172 1888 1226 1954 hic
1272 1891 1276 1896 ’

128 1990 166 2054 in
190 1988 387 2054 minusculis
408 2017 427 2067 η
450 1988 605 2079 praehet,
628 1987 694 2056 vid.
720 1990 753 2073 ξ.
771 1989 827 2074 20,
850 1988 882 2054 4.
927 1987 1039 2056 Fertur.
1061 1987 1226 2074 rinellum

4 2112 15 2174 ς
125 2091 262 2159 Heracl.
286 2089 318 2174 ξ.
341 2089 403 2176 26,
429 2093 459 2158 1.

5 2247 12 2266 ·
213 2216 315 2300 ἄγω,
339 2215 473 2308 imperf.
499 2211 574 2302 ἆγον
581 2268 592 2298 ,
615 2217 699 2285 Aur.
712 2217 746 2285 11
769 2217 886 2303 ἄγαγον
893 2268 904 2298 ,
927 2217 1004 2284 Fut.
1029 2215 1111 2294 dtu,
1135 2214 1224 2283 Perl'.

4 2307 16 2336 ''
130 2318 328 2405 συκαγάγοχα
349 2319 453 2385 Ther.
477 2319 574 2388 2448.
598 2321 632 2399 1,
655 2322 710 2389 28.
734 2321 780 2407 11,
806 2322 860 2388 111.
883 2320 946 2403 111,
970 2319 1011 2386 13
1033 2319 1077 2384 el.
1100 2316 1223 2385 Buttm.

128 2421 239 2490 Lexil.
263 2421 278 2486 l
301 2445 334 2512 p.
358 2421 436 2503 297,
468 2421 525 2510 qui
547 2445 565 2487 e
588 2421 952 2512 Sigeensiumdecrcto
975 2419 1113 2504 ἀγήγοχα
1134 2421 1227 2484 affert

5 2552 14 2580 ν
128 2523 273 2590 Theraei
295 2522 383 2588 tituli
406 2545 472 2588 non
494 2545 636 2610 memor3
669 2524 759 2590 Perl.
784 2525 879 2590 Pasa.
905 2517 1000 2606 druos
1019 2519 1225 2604 Archimed.‚

5 2623 15 2730 J
128 2628 213 2692 Aur.
237 2626 253 2690 l
275 2649 306 2715 p.
331 2624 493 2710 συκάχθηκ
515 2637 547 2690 et
569 2625 681 2691 Futur.
705 2626 722 2690 1
743 2648 777 2713 p.
804 2627 995 2709 συναχθησῶ
1016 2621 1119 2687 Ther.
1140 2621 1227 2688 2448

129 2728 199 2796 vid.
222 2727 254 2811 ᾗ.
280 2729 342 2810 35,
366 2727 398 2793 3.
422 2763 464 2777 -
506 2727 613 2794 Aucta
636 2730 739 2794 l'orma
762 2726 919 2816 quaedam
943 2737 993 2790 est
1012 2723 1099 2814 apud
1119 2721 1226 2811 Hesy-

127 2830 260 2898 chiurnr
302 2829 459 2914 α’γνεῖν,
495 2831 596 2914 ἄγειν·
630 2835 754 2914 Κρῆτες
779 2839 812 2894 et
841 2824 1039 2912 ἀγκησόεκ
1069 2823 1224 2908 (Pharor.

129 2932 285 3018 ἀγνήσοε,
309 2933 385 2998 lort.
410 2932 555 3017 dyvous),
580 2930 712 3018 α’γὴοχε·
735 2931 901 3005 Λάκωνες.

217 3063 359 3144 αἷρέω,
394 3059 476 3126 Aor.
501 3059 517 3125 Ι
547 3061 722 3144 accolonos
744 3055 909 3124 Lacunicc
940 3079 1000 3146 pro
1023 3053 1225 3138 καθαλρησοκ

129 3165 163 3249 ἓ.
176 3163 212 3248 7,
229 3165 271 3246 2,
294 3163 388 3229 Perlr
409 3169 525 3248 αλρηκα
546 3162 577 3246 §-
595 3161 649 3244 35,
665 3163 707 3245 2,
730 3164 812 3227 Aor.
828 3159 844 3224 1
858 3184 892 3249 p.
917 3158 1048 3246 αλρὲθην
1069 3155 1101 3240 §.
1118 3155 1172 3240 36,
1184 3155 1224 3240 85

128 3267 213 3332 Aor.
238 3265 272 3330 lt
296 3267 375 3332 εἷλον
398 3265 446 3344 (in
469 3265 633 3332 severiore
654 3263 780 3330 Doride
803 3261 879 3340 ἧλον
899 3260 998 3326 luerit
1017 3253 1223 3342 §.25‚1.e)‚

131 3367 321 3434 inlinitivus
353 3391 426 3434 cum
455 3367 682 3434 terminatione
711 3365 825 3432 coristi
845 3361 944 3454 primi
966 3359 1101 3440 ἆφέλαι7
1134 3355 1223 3425 Cret.

130 3471 218 3538 2557
240 3469 306 3535 vid:
332 3471 364 3554 ᾗ.
388 3471 441 3549 37,
468 3471 506 3556 53
536 3470 612 3537 Fut.
638 3472 728 3533 διελῶ
748 3467 846 3533 Ther.
869 3463 967 3532 2448.
992 3459 1062 3542 Vl,
1087 3458 1139 3525 19.

220 3595 368 3674 ἀκούω,
399 3597 490 3662 Peri.
516 3597 636 3662 ἄκουκα
660 3595 840 3662 secundum
862 3585 1062 3681 grammatici
1082 3584 1226 3654 testimo·

131 3698 224 3764 nium
255 3699 289 3763 in
318 3701 409 3764 Anu.
442 3699 528 3765 Oxx.
559 3699 621 3784 lV,
653 3699 797 3782 188,14
830 3707 863 3762 et
894 3695 929 3760 iu
958 3693 1045 3759 dicto
1073 3688 1224 3778 Agesilai

129 3801 301 3868 Plutarch.
325 3801 454 3890 Agesil.
477 3825 507 3868 c.
531 3803 590 3879 21,
613 3799 745 3866 Morall.
770 3825 803 3890 p.
828 3799 902 3866 191.
924 3797 999 3866 211.

218 3925 510 4015 (dilexerant),
541 3927 632 3993 Perl.
658 3927 827 3992 ἰαλώκαντι
848 3925 882 3990 in
905 3924 1042 4016 epistola
1063 3919 1228 4010 Lysandri

131 4031 300 4098 Plutarch.
331 4029 463 4097 hlorall.
494 4053 527 4118 p.
550 4031 613 4096 229
643 4041 675 4095 ct
705 4029 832 4095 Scholl.
861 4027 963 4094 Dion.
988 4027 1158 4114 Chrysoat.
1189 4047 1223 4111 p.

132 4133 208 4201 597.
232 4133 298 4218 B.,
331 4143 443 4198 contra
472 4131 507 4198 in
537 4131 648 4198 cadem
671 4131 762 4198 Plut.
787 4129 933 4218 Lysand.
957 4153 987 4194 c.
1012 4129 1053 4194 14
1075 4124 1226 4190 ἁλώκαντι

130 4245 167 4305 et
196 4235 319 4301 ihidem
347 4235 382 4302 in
405 4234 637 4325 Spartanorum
664 4257 823 4326 responso
852 4230 946 4298 inlln.
971 4226 1103 4294 troam
1123 4225 1166 4290 cl.
1190 4225 1222 4308 ᾗ.
1310 4269 1315 4286 .

180 4361 226 4428 ll.
984 4355 1027 4422 22
