<?xml version="1.0" encoding="UTF-8"?>
<!DOCTYPE html PUBLIC "-//W3C//DTD XHTML 1.0 Transitional//EN"
    "http://www.w3.org/TR/xhtml1/DTD/xhtml1-transitional.dtd">
<html xmlns="http://www.w3.org/1999/xhtml" xml:lang="en" lang="en">
 <head>
  <title>
</title>
<meta http-equiv="Content-Type" content="text/html;charset=utf-8" />
  <meta name='ocr-system' content='tesseract 3.04.00' />
  <meta name='ocr-capabilities' content='ocr_page ocr_carea ocr_par ocr_line ocrx_word'/>
</head>
<body>
  <div class='ocr_page' id='page_1' title='image "./degraccaelingua01ahregoog_0324.png"; bbox 0 0 2844 4770; ppageno 0'>
   <div class='ocr_carea' id='block_1_1' title="bbox 440 379 1192 508">
    <p class='ocr_par' dir='ltr' id='par_1_1' title="bbox 440 379 1192 508">
     <span class='ocr_line' id='line_1_1' title="bbox 440 379 1192 508; baseline 0.021 -42"><span class='ocrx_word' id='word_1_1' title='bbox 440 379 473 480; x_wconf 71' lang='lat' dir='ltr'><strong>l.</strong></span> <span class='ocrx_word' id='word_1_2' title='bbox 493 393 527 466; x_wconf 93' lang='lat' dir='ltr'><strong>l.</strong></span> <span class='ocrx_word' id='word_1_3' title='bbox 579 397 872 508; x_wconf 69' lang='lat' dir='ltr'><strong>Prasmonenda.</strong></span> <span class='ocrx_word' id='word_1_4' title='bbox 1166 401 1192 482; x_wconf 78' lang='grc'>3</span> 
     </span>
    </p>
   </div>
   <div class='ocr_carea' id='block_1_2' title="bbox 105 585 1190 894">
    <p class='ocr_par' dir='ltr' id='par_1_2' title="bbox 105 585 1190 894">
     <span class='ocr_line' id='line_1_2' title="bbox 108 585 1189 693; baseline 0.017 -35"><span class='ocrx_word' id='word_1_5' title='bbox 108 593 190 659; x_wconf 86' lang='lat' dir='ltr'><strong>hand</strong></span> <span class='ocrx_word' id='word_1_6' title='bbox 210 592 316 660; x_wconf 86' lang='lat' dir='ltr'><strong>malae</strong></span> <span class='ocrx_word' id='word_1_7' title='bbox 337 595 460 664; x_wconf 85' lang='lat' dir='ltr'><strong>aetatis.</strong></span> <span class='ocrx_word' id='word_1_8' title='bbox 510 598 606 664; x_wconf 80' lang='lat' dir='ltr'><strong>Adeo</strong></span> <span class='ocrx_word' id='word_1_9' title='bbox 626 585 753 668; x_wconf 70' lang='lat' dir='ltr'><strong>Achaei</strong></span> <span class='ocrx_word' id='word_1_10' title='bbox 771 603 986 693; x_wconf 74' lang='lat' dir='ltr'><strong>Aegialenses</strong></span> <span class='ocrx_word' id='word_1_11' title='bbox 1005 608 1135 676; x_wconf 87' lang='lat' dir='ltr'><strong>saeculo</strong></span> <span class='ocrx_word' id='word_1_12' title='bbox 1157 633 1189 676; x_wconf 76' lang='lat' dir='ltr'><strong>a.</strong></span> 
     </span>
     <span class='ocr_line' id='line_1_3' title="bbox 105 693 1190 798; baseline 0.018 -39"><span class='ocrx_word' id='word_1_13' title='bbox 105 693 182 760; x_wconf 81' lang='lat' dir='ltr'><strong>Chr.</strong></span> <span class='ocrx_word' id='word_1_14' title='bbox 202 695 348 761; x_wconf 69' lang='lat' dir='ltr'><strong>meando</strong></span> <span class='ocrx_word' id='word_1_15' title='bbox 362 695 484 764; x_wconf 91' lang='lat' dir='ltr'><strong>Dorice</strong></span> <span class='ocrx_word' id='word_1_16' title='bbox 501 699 630 791; x_wconf 89' lang='lat' dir='ltr'><strong>loquuti</strong></span> <span class='ocrx_word' id='word_1_17' title='bbox 650 725 721 769; x_wconf 88' lang='lat' dir='ltr'><strong>esse</strong></span> <span class='ocrx_word' id='word_1_18' title='bbox 742 704 891 772; x_wconf 83' lang='lat' dir='ltr'><strong>videntur</strong></span> <span class='ocrx_word' id='word_1_19' title='bbox 911 703 1190 798; x_wconf 68' lang='lat' dir='ltr'><strong>(vid.1..1§.54)</strong></span> 
     </span>
     <span class='ocr_line' id='line_1_4' title="bbox 106 797 1188 894; baseline 0.014 -31"><span class='ocrx_word' id='word_1_20' title='bbox 106 807 139 863; x_wconf 88' lang='lat' dir='ltr'><strong>et</strong></span> <span class='ocrx_word' id='word_1_21' title='bbox 159 797 326 863; x_wconf 75' lang='lat' dir='ltr'><strong>Arcadum</strong></span> <span class='ocrx_word' id='word_1_22' title='bbox 347 800 542 867; x_wconf 80' lang='lat' dir='ltr'><strong>recentiores</strong></span> <span class='ocrx_word' id='word_1_23' title='bbox 563 801 650 868; x_wconf 90' lang='lat' dir='ltr'><strong>tituli</strong></span> <span class='ocrx_word' id='word_1_24' title='bbox 668 803 782 894; x_wconf 72' lang='lat' dir='ltr'><strong>lingua</strong></span> <span class='ocrx_word' id='word_1_25' title='bbox 802 809 933 874; x_wconf 88' lang='lat' dir='ltr'><strong>omnino</strong></span> <span class='ocrx_word' id='word_1_26' title='bbox 951 810 1072 878; x_wconf 88' lang='lat' dir='ltr'><strong>Dorica</strong></span> <span class='ocrx_word' id='word_1_27' title='bbox 1094 823 1188 878; x_wconf 87' lang='lat' dir='ltr'><strong>utun·</strong></span> 
     </span>
    </p>
   </div>
   <div class='ocr_carea' id='block_1_3' title="bbox 1 901 1264 4044">
    <p class='ocr_par' dir='ltr' id='par_1_3' title="bbox 107 901 1188 1069">
     <span class='ocr_line' id='line_1_5' title="bbox 107 901 1188 1000; baseline 0.018 -39"><span class='ocrx_word' id='word_1_28' title='bbox 107 909 180 982; x_wconf 87' lang='lat' dir='ltr'><strong>tur,</strong></span> <span class='ocrx_word' id='word_1_29' title='bbox 202 921 385 988; x_wconf 86' lang='lat' dir='ltr'><strong>quanquam</strong></span> <span class='ocrx_word' id='word_1_30' title='bbox 405 901 604 993; x_wconf 73' lang='lat' dir='ltr'><strong>antiquiores</strong></span> <span class='ocrx_word' id='word_1_31' title='bbox 623 907 818 996; x_wconf 73' lang='lat' dir='ltr'><strong>peculiarem</strong></span> <span class='ocrx_word' id='word_1_32' title='bbox 838 909 1010 977; x_wconf 87' lang='lat' dir='ltr'><strong>dialectum</strong></span> <span class='ocrx_word' id='word_1_33' title='bbox 1022 912 1188 1000; x_wconf 76' lang='lat' dir='ltr'><strong>exhibent,</strong></span> 
     </span>
     <span class='ocr_line' id='line_1_6' title="bbox 109 999 699 1069; baseline 0.014 -3"><span class='ocrx_word' id='word_1_34' title='bbox 109 999 175 1066; x_wconf 79' lang='lat' dir='ltr'><strong>vit.</strong></span> <span class='ocrx_word' id='word_1_35' title='bbox 198 999 275 1066; x_wconf 86' lang='lat' dir='ltr'><strong>L.l</strong></span> <span class='ocrx_word' id='word_1_36' title='bbox 332 1003 416 1069; x_wconf 78' lang='lat'><strong>‚53.</strong></span> <span class='ocrx_word' id='word_1_37' title='bbox 697 1003 699 1008; x_wconf 60' lang='grc'><strong>’</strong></span> 
     </span>
    </p>

    <p class='ocr_par' dir='ltr' id='par_1_4' title="bbox 1 996 1264 3410">
     <span class='ocr_line' id='line_1_7' title="bbox 192 996 1187 1201; baseline 0.017 -35"><span class='ocrx_word' id='word_1_38' title='bbox 192 1102 289 1167; x_wconf 81' lang='lat' dir='ltr'><strong>Extra</strong></span> <span class='ocrx_word' id='word_1_39' title='bbox 309 996 467 1170; x_wconf 73' lang='lat' dir='ltr'><strong>isthmum</strong></span> <span class='ocrx_word' id='word_1_40' title='bbox 487 1105 606 1196; x_wconf 74' lang='lat' dir='ltr'><strong>Argivi</strong></span> <span class='ocrx_word' id='word_1_41' title='bbox 623 1107 890 1198; x_wconf 77' lang='lat' dir='ltr'><strong>Amphilochiei,</strong></span> <span class='ocrx_word' id='word_1_42' title='bbox 928 1111 986 1201; x_wconf 90' lang='lat' dir='ltr'><strong>qui</strong></span> <span class='ocrx_word' id='word_1_43' title='bbox 1006 1124 1097 1180; x_wconf 84' lang='lat' dir='ltr'><strong>erant</strong></span> <span class='ocrx_word' id='word_1_44' title='bbox 1116 1115 1187 1184; x_wconf 89' lang='lat' dir='ltr'><strong>har·</strong></span> 
     </span>
     <span class='ocr_line' id='line_1_8' title="bbox 108 1202 1186 1303; baseline 0.014 -35"><span class='ocrx_word' id='word_1_45' title='bbox 108 1202 197 1269; x_wconf 87' lang='lat' dir='ltr'><strong>harae</strong></span> <span class='ocrx_word' id='word_1_46' title='bbox 218 1205 376 1292; x_wconf 74' lang='lat' dir='ltr'><strong>originis,</strong></span> <span class='ocrx_word' id='word_1_47' title='bbox 398 1207 438 1272; x_wconf 91' lang='lat' dir='ltr'><strong>ah</strong></span> <span class='ocrx_word' id='word_1_48' title='bbox 454 1207 673 1276; x_wconf 80' lang='lat' dir='ltr'><strong>Ambraciotis</strong></span> <span class='ocrx_word' id='word_1_49' title='bbox 694 1211 729 1275; x_wconf 93' lang='lat' dir='ltr'><strong>in</strong></span> <span class='ocrx_word' id='word_1_50' title='bbox 750 1211 911 1278; x_wconf 85' lang='lat' dir='ltr'><strong>civitatem</strong></span> <span class='ocrx_word' id='word_1_51' title='bbox 932 1215 1072 1303; x_wconf 88' lang='lat' dir='ltr'><strong>acceptis</strong></span> <span class='ocrx_word' id='word_1_52' title='bbox 1087 1215 1186 1284; x_wconf 88' lang='lat' dir='ltr'><strong>Grae-</strong></span> 
     </span>
     <span class='ocr_line' id='line_1_9' title="bbox 107 1305 1185 1410; baseline 0.01 -38"><span class='ocrx_word' id='word_1_53' title='bbox 107 1329 174 1372; x_wconf 84' lang='lat' dir='ltr'><strong>cam</strong></span> <span class='ocrx_word' id='word_1_54' title='bbox 195 1305 360 1394; x_wconf 76' lang='lat' dir='ltr'><strong>linquam,</strong></span> <span class='ocrx_word' id='word_1_55' title='bbox 395 1307 535 1374; x_wconf 90' lang='lat' dir='ltr'><strong>Doricae</strong></span> <span class='ocrx_word' id='word_1_56' title='bbox 563 1311 678 1400; x_wconf 87' lang='lat' dir='ltr'><strong>procul</strong></span> <span class='ocrx_word' id='word_1_57' title='bbox 705 1312 804 1379; x_wconf 89' lang='lat' dir='ltr'><strong>duhio</strong></span> <span class='ocrx_word' id='word_1_58' title='bbox 825 1313 972 1396; x_wconf 78' lang='lat' dir='ltr'><strong>dialecti,</strong></span> <span class='ocrx_word' id='word_1_59' title='bbox 1005 1339 1185 1410; x_wconf 86' lang='lat' dir='ltr'><strong>assumpse-</strong></span> 
     </span>
     <span class='ocr_line' id='line_1_10' title="bbox 105 1407 1185 1504; baseline 0.014 -33"><span class='ocrx_word' id='word_1_60' title='bbox 105 1419 178 1472; x_wconf 85' lang='lat' dir='ltr'><strong>rant</strong></span> <span class='ocrx_word' id='word_1_61' title='bbox 194 1407 385 1496; x_wconf 70' lang='lat' dir='ltr'><strong>Thucydide</strong></span> <span class='ocrx_word' id='word_1_62' title='bbox 412 1418 494 1476; x_wconf 91' lang='lat' dir='ltr'><strong>teste</strong></span> <span class='ocrx_word' id='word_1_63' title='bbox 521 1411 652 1495; x_wconf 75' lang='lat'><strong>11,68.</strong></span> <span class='ocrx_word' id='word_1_64' title='bbox 715 1414 785 1482; x_wconf 85' lang='lat' dir='ltr'><strong>Nee</strong></span> <span class='ocrx_word' id='word_1_65' title='bbox 814 1416 923 1482; x_wconf 89' lang='lat' dir='ltr'><strong>minus</strong></span> <span class='ocrx_word' id='word_1_66' title='bbox 943 1416 1065 1504; x_wconf 87' lang='lat' dir='ltr'><strong>Dorica</strong></span> <span class='ocrx_word' id='word_1_67' title='bbox 1084 1418 1185 1486; x_wconf 78' lang='lat' dir='ltr'><strong>Acar·</strong></span> 
     </span>
     <span class='ocr_line' id='line_1_11' title="bbox 107 1509 1184 1609; baseline 0.013 -37"><span class='ocrx_word' id='word_1_68' title='bbox 107 1531 222 1574; x_wconf 82' lang='lat' dir='ltr'><strong>nauum</strong></span> <span class='ocrx_word' id='word_1_69' title='bbox 242 1509 422 1595; x_wconf 86' lang='lat' dir='ltr'><strong>dialectus,</strong></span> <span class='ocrx_word' id='word_1_70' title='bbox 445 1535 527 1601; x_wconf 90' lang='lat' dir='ltr'><strong>qnae</strong></span> <span class='ocrx_word' id='word_1_71' title='bbox 548 1512 584 1578; x_wconf 91' lang='lat' dir='ltr'><strong>in</strong></span> <span class='ocrx_word' id='word_1_72' title='bbox 605 1513 708 1582; x_wconf 90' lang='lat' dir='ltr'><strong>titulis</strong></span> <span class='ocrx_word' id='word_1_73' title='bbox 730 1516 865 1582; x_wconf 89' lang='lat' dir='ltr'><strong>secundi</strong></span> <span class='ocrx_word' id='word_1_74' title='bbox 884 1517 1005 1584; x_wconf 90' lang='lat' dir='ltr'><strong>saeculi</strong></span> <span class='ocrx_word' id='word_1_75' title='bbox 1026 1518 1184 1609; x_wconf 89' lang='lat' dir='ltr'><strong>conspici·</strong></span> 
     </span>
     <span class='ocr_line' id='line_1_12' title="bbox 107 1611 1182 1710; baseline 0.01 -35"><span class='ocrx_word' id='word_1_76' title='bbox 107 1619 175 1694; x_wconf 88' lang='lat' dir='ltr'><strong>tur,</strong></span> <span class='ocrx_word' id='word_1_77' title='bbox 217 1635 236 1677; x_wconf 88' lang='lat' dir='ltr'><strong>a</strong></span> <span class='ocrx_word' id='word_1_78' title='bbox 268 1611 512 1680; x_wconf 85' lang='lat' dir='ltr'><strong>Corinthiorum</strong></span> <span class='ocrx_word' id='word_1_79' title='bbox 543 1613 578 1680; x_wconf 92' lang='lat' dir='ltr'><strong>in</strong></span> <span class='ocrx_word' id='word_1_80' title='bbox 608 1639 645 1682; x_wconf 89' lang='lat' dir='ltr'><strong>ea</strong></span> <span class='ocrx_word' id='word_1_81' title='bbox 672 1628 762 1708; x_wconf 86' lang='lat' dir='ltr'><strong>parte</strong></span> <span class='ocrx_word' id='word_1_82' title='bbox 790 1618 928 1684; x_wconf 87' lang='lat' dir='ltr'><strong>coloniis</strong></span> <span class='ocrx_word' id='word_1_83' title='bbox 957 1619 1041 1686; x_wconf 86' lang='lat' dir='ltr'><strong>duci·</strong></span> <span class='ocrx_word' id='word_1_84' title='bbox 1063 1631 1182 1710; x_wconf 85' lang='lat' dir='ltr'><strong>potest.-</strong></span> 
     </span>
     <span class='ocr_line' id='line_1_13' title="bbox 104 1711 1183 1811; baseline 0.01 -34"><span class='ocrx_word' id='word_1_85' title='bbox 104 1711 223 1779; x_wconf 85' lang='lat' dir='ltr'><strong>Contra</strong></span> <span class='ocrx_word' id='word_1_86' title='bbox 244 1713 331 1778; x_wconf 89' lang='lat' dir='ltr'><strong>hand</strong></span> <span class='ocrx_word' id='word_1_87' title='bbox 352 1713 447 1780; x_wconf 75' lang='lat' dir='ltr'><strong>facile</strong></span> <span class='ocrx_word' id='word_1_88' title='bbox 467 1715 662 1800; x_wconf 88' lang='lat' dir='ltr'><strong>credideris,</strong></span> <span class='ocrx_word' id='word_1_89' title='bbox 692 1718 830 1786; x_wconf 84' lang='lat' dir='ltr'><strong>Aetolos</strong></span> <span class='ocrx_word' id='word_1_90' title='bbox 850 1731 869 1786; x_wconf 78' lang='lat' dir='ltr'><strong>a</strong></span> <span class='ocrx_word' id='word_1_91' title='bbox 888 1719 1084 1806; x_wconf 79' lang='lat' dir='ltr'><strong>Messeniis,</strong></span> <span class='ocrx_word' id='word_1_92' title='bbox 1125 1721 1183 1811; x_wconf 91' lang='lat' dir='ltr'><strong>qui</strong></span> 
     </span>
     <span class='ocr_line' id='line_1_14' title="bbox 101 1813 1183 1907; baseline 0.006 -27"><span class='ocrx_word' id='word_1_93' title='bbox 101 1813 333 1904; x_wconf 89' lang='lat' dir='ltr'><strong>aliquantisper</strong></span> <span class='ocrx_word' id='word_1_94' title='bbox 362 1814 566 1907; x_wconf 71' lang='lat' dir='ltr'><strong>Naupactum</strong></span> <span class='ocrx_word' id='word_1_95' title='bbox 597 1829 787 1904; x_wconf 89' lang='lat' dir='ltr'><strong>tenuerant,</strong></span> <span class='ocrx_word' id='word_1_96' title='bbox 828 1820 981 1887; x_wconf 85' lang='lat' dir='ltr'><strong>Doricam</strong></span> <span class='ocrx_word' id='word_1_97' title='bbox 1012 1821 1183 1888; x_wconf 74' lang='lat' dir='ltr'><strong>dialectum</strong></span> 
     </span>
     <span class='ocr_line' id='line_1_15' title="bbox 98 1909 1264 2010; baseline 0.008 -29"><span class='ocrx_word' id='word_1_98' title='bbox 98 1915 283 2004; x_wconf 87' lang='lat' dir='ltr'><strong>accepisse,</strong></span> <span class='ocrx_word' id='word_1_99' title='bbox 317 1940 381 2006; x_wconf 91' lang='lat' dir='ltr'><strong>qua</strong></span> <span class='ocrx_word' id='word_1_100' title='bbox 403 1918 488 1984; x_wconf 89' lang='lat' dir='ltr'><strong>circa</strong></span> <span class='ocrx_word' id='word_1_101' title='bbox 515 1943 545 1984; x_wconf 93' lang='lat' dir='ltr'><strong>a.</strong></span> <span class='ocrx_word' id='word_1_102' title='bbox 567 1919 632 1987; x_wconf 77' lang='lat'><strong>200</strong></span> <span class='ocrx_word' id='word_1_103' title='bbox 658 1945 735 1988; x_wconf 88' lang='lat' dir='ltr'><strong>usos</strong></span> <span class='ocrx_word' id='word_1_104' title='bbox 756 1909 827 1988; x_wconf 71' lang='lat' dir='ltr'><strong>essi</strong></span> <span class='ocrx_word' id='word_1_105' title='bbox 848 1922 936 1988; x_wconf 88' lang='lat' dir='ltr'><strong>tituli</strong></span> <span class='ocrx_word' id='word_1_106' title='bbox 955 1922 1090 2010; x_wconf 88' lang='lat' dir='ltr'><strong>docent,</strong></span> <span class='ocrx_word' id='word_1_107' title='bbox 1124 1924 1183 1990; x_wconf 91' lang='lat' dir='ltr'><strong>sed</strong></span> <span class='ocrx_word' id='word_1_108' title='bbox 1262 1953 1264 1957; x_wconf 92' lang='lat'>·</span> 
     </span>
     <span class='ocr_line' id='line_1_16' title="bbox 97 2017 1180 2113; baseline 0.004 -29"><span class='ocrx_word' id='word_1_109' title='bbox 97 2040 138 2084; x_wconf 90' lang='lat' dir='ltr'><strong>eo</strong></span> <span class='ocrx_word' id='word_1_110' title='bbox 176 2017 331 2101; x_wconf 81' lang='lat' dir='ltr'><strong>lihentins</strong></span> <span class='ocrx_word' id='word_1_111' title='bbox 365 2020 528 2111; x_wconf 85' lang='lat' dir='ltr'><strong>antiquam</strong></span> <span class='ocrx_word' id='word_1_112' title='bbox 561 2021 693 2111; x_wconf 68' lang='lat' dir='ltr'><strong>linguae</strong></span> <span class='ocrx_word' id='word_1_113' title='bbox 734 2023 959 2113; x_wconf 76' lang='lat' dir='ltr'><strong>cognationem</strong></span> <span class='ocrx_word' id='word_1_114' title='bbox 991 2033 1180 2110; x_wconf 71' lang='lat' dir='ltr'><strong>statuemus,</strong></span> 
     </span>
     <span class='ocr_line' id='line_1_17' title="bbox 98 2117 1181 2209; baseline 0.008 -26"><span class='ocrx_word' id='word_1_115' title='bbox 98 2117 186 2208; x_wconf 93' lang='lat' dir='ltr'><strong>qnod</strong></span> <span class='ocrx_word' id='word_1_116' title='bbox 212 2119 324 2186; x_wconf 78' lang='lat' dir='ltr'><strong>Aetoli</strong></span> <span class='ocrx_word' id='word_1_117' title='bbox 351 2143 424 2196; x_wconf 74' lang='lat' dir='ltr'><strong>,uno</strong></span> <span class='ocrx_word' id='word_1_118' title='bbox 458 2123 571 2188; x_wconf 84' lang='lat' dir='ltr'><strong>saltem</strong></span> <span class='ocrx_word' id='word_1_119' title='bbox 602 2124 787 2190; x_wconf 85' lang='lat' dir='ltr'><strong>testimonio</strong></span> <span class='ocrx_word' id='word_1_120' title='bbox 815 2125 916 2207; x_wconf 77' lang='lat'><strong>(1..1</strong></span> <span class='ocrx_word' id='word_1_121' title='bbox 947 2125 1020 2209; x_wconf 77' lang='lat'><strong>§.1</strong></span> <span class='ocrx_word' id='word_1_122' title='bbox 1049 2135 1118 2190; x_wconf 87' lang='lat' dir='ltr'><strong>not.</strong></span> <span class='ocrx_word' id='word_1_123' title='bbox 1142 2127 1181 2205; x_wconf 84' lang='grc'><strong>5)</strong></span> 
     </span>
     <span class='ocr_line' id='line_1_18' title="bbox 97 2221 1180 2318; baseline 0.005 -31"><span class='ocrx_word' id='word_1_124' title='bbox 97 2231 209 2287; x_wconf 78' lang='lat' dir='ltr'><strong>centn</strong></span> <span class='ocrx_word' id='word_1_125' title='bbox 240 2221 408 2310; x_wconf 80' lang='lat' dir='ltr'><strong>vulgarem</strong></span> <span class='ocrx_word' id='word_1_126' title='bbox 439 2224 639 2318; x_wconf 71' lang='lat' dir='ltr'><strong>antiquitatis</strong></span> <span class='ocrx_word' id='word_1_127' title='bbox 671 2225 858 2316; x_wconf 82' lang='lat' dir='ltr'><strong>opinionem</strong></span> <span class='ocrx_word' id='word_1_128' title='bbox 887 2225 973 2292; x_wconf 90' lang='lat' dir='ltr'><strong>inter</strong></span> <span class='ocrx_word' id='word_1_129' title='bbox 1001 2225 1180 2292; x_wconf 84' lang='lat' dir='ltr'><strong>Dorienses</strong></span> 
     </span>
     <span class='ocr_line' id='line_1_19' title="bbox 23 2305 1180 2420; baseline 0.003 -32"><span class='ocrx_word' id='word_1_130' title='bbox 23 2403 27 2408; x_wconf 24' lang='grc' dir='ltr'>Ι</span> <span class='ocrx_word' id='word_1_131' title='bbox 95 2305 293 2390; x_wconf 51' lang='lat' dir='ltr'><strong>referuntur:</strong></span> <span class='ocrx_word' id='word_1_132' title='bbox 337 2324 507 2415; x_wconf 82' lang='lat' dir='ltr'><strong>Delphos,</strong></span> <span class='ocrx_word' id='word_1_133' title='bbox 541 2351 679 2417; x_wconf 87' lang='lat' dir='ltr'><strong>quorum</strong></span> <span class='ocrx_word' id='word_1_134' title='bbox 699 2328 787 2420; x_wconf 89' lang='lat' dir='ltr'><strong>tituli</strong></span> <span class='ocrx_word' id='word_1_135' title='bbox 807 2353 874 2395; x_wconf 91' lang='lat' dir='ltr'><strong>non</strong></span> <span class='ocrx_word' id='word_1_136' title='bbox 894 2327 1002 2393; x_wconf 90' lang='lat' dir='ltr'><strong>minus</strong></span> <span class='ocrx_word' id='word_1_137' title='bbox 1022 2325 1180 2393; x_wconf 86' lang='lat' dir='ltr'><strong>Doridem</strong></span> 
     </span>
     <span class='ocr_line' id='line_1_20' title="bbox 95 2417 1181 2520; baseline 0.004 -30"><span class='ocrx_word' id='word_1_138' title='bbox 95 2425 260 2511; x_wconf 77' lang='lat' dir='ltr'><strong>referunt,</strong></span> <span class='ocrx_word' id='word_1_139' title='bbox 288 2424 449 2492; x_wconf 78' lang='lat' dir='ltr'><strong>llldllerus</strong></span> <span class='ocrx_word' id='word_1_140' title='bbox 470 2427 554 2493; x_wconf 92' lang='lat' dir='ltr'><strong>Dor.</strong></span> <span class='ocrx_word' id='word_1_141' title='bbox 576 2427 593 2493; x_wconf 95' lang='lat' dir='ltr'><strong>l</strong></span> <span class='ocrx_word' id='word_1_142' title='bbox 613 2453 648 2520; x_wconf 89' lang='lat' dir='ltr'><strong>p.</strong></span> <span class='ocrx_word' id='word_1_143' title='bbox 670 2417 934 2497; x_wconf 72' lang='lat' dir='ltr'><strong>211&#39;Dorisnses</strong></span> <span class='ocrx_word' id='word_1_144' title='bbox 954 2428 1056 2495; x_wconf 84' lang='lat' dir='ltr'><strong>luisse</strong></span> <span class='ocrx_word' id='word_1_145' title='bbox 1077 2428 1181 2494; x_wconf 86' lang='lat' dir='ltr'><strong>eredi-</strong></span> 
     </span>
     <span class='ocr_line' id='line_1_21' title="bbox 1 2512 1250 2616; baseline 0 -24"><span class='ocrx_word' id='word_1_146' title='bbox 1 2512 2 2578; x_wconf 57' lang='grc' dir='ltr'><strong>ἶ</strong></span> <span class='ocrx_word' id='word_1_147' title='bbox 40 2517 46 2528; x_wconf 79' lang='grc'><strong>’</strong></span> <span class='ocrx_word' id='word_1_148' title='bbox 94 2527 166 2611; x_wconf 88' lang='lat' dir='ltr'><strong>dit,</strong></span> <span class='ocrx_word' id='word_1_149' title='bbox 187 2526 237 2594; x_wconf 88' lang='lat' dir='ltr'><strong>de</strong></span> <span class='ocrx_word' id='word_1_150' title='bbox 258 2551 322 2616; x_wconf 91' lang='lat' dir='ltr'><strong>qna</strong></span> <span class='ocrx_word' id='word_1_151' title='bbox 343 2551 379 2592; x_wconf 89' lang='lat' dir='ltr'><strong>re</strong></span> <span class='ocrx_word' id='word_1_152' title='bbox 411 2527 496 2593; x_wconf 85' lang='lat' dir='ltr'><strong>inlra</strong></span> <span class='ocrx_word' id='word_1_153' title='bbox 524 2530 704 2596; x_wconf 87' lang='lat' dir='ltr'><strong>accuratius</strong></span> <span class='ocrx_word' id='word_1_154' title='bbox 730 2531 923 2598; x_wconf 80' lang='lat' dir='ltr'><strong>videbimus.</strong></span> <span class='ocrx_word' id='word_1_155' title='bbox 977 2530 1178 2611; x_wconf 82' lang='lat' dir='ltr'><strong>Phocenses,</strong></span> <span class='ocrx_word' id='word_1_156' title='bbox 1246 2539 1250 2548; x_wconf 88' lang='lat'>&#39;</span> 
     </span>
     <span class='ocr_line' id='line_1_22' title="bbox 92 2627 1180 2723; baseline 0 -29"><span class='ocrx_word' id='word_1_157' title='bbox 92 2627 299 2714; x_wconf 85' lang='lat' dir='ltr'><strong>Locrenses,</strong></span> <span class='ocrx_word' id='word_1_158' title='bbox 319 2629 580 2697; x_wconf 78' lang='lat' dir='ltr'><strong>&#39;l&#39;hanmacenses</strong></span> <span class='ocrx_word' id='word_1_159' title='bbox 601 2633 697 2723; x_wconf 89' lang='lat' dir='ltr'><strong>(quae</strong></span> <span class='ocrx_word' id='word_1_160' title='bbox 715 2641 768 2722; x_wconf 65' lang='lat' dir='ltr'><strong>cst</strong></span> <span class='ocrx_word' id='word_1_161' title='bbox 780 2628 976 2696; x_wconf 88' lang='lat' dir='ltr'><strong>Phthiotidis</strong></span> <span class='ocrx_word' id='word_1_162' title='bbox 996 2628 1088 2707; x_wconf 87' lang='lat' dir='ltr'><strong>urhe)</strong></span> <span class='ocrx_word' id='word_1_163' title='bbox 1109 2627 1180 2694; x_wconf 91' lang='lat' dir='ltr'><strong>Do·</strong></span> 
     </span>
     <span class='ocr_line' id='line_1_23' title="bbox 92 2729 1177 2823; baseline 0 -27"><span class='ocrx_word' id='word_1_164' title='bbox 92 2729 165 2796; x_wconf 90' lang='lat' dir='ltr'><strong>ride</strong></span> <span class='ocrx_word' id='word_1_165' title='bbox 186 2755 264 2797; x_wconf 85' lang='lat' dir='ltr'><strong>usos</strong></span> <span class='ocrx_word' id='word_1_166' title='bbox 285 2755 357 2797; x_wconf 89' lang='lat' dir='ltr'><strong>esse</strong></span> <span class='ocrx_word' id='word_1_167' title='bbox 373 2731 603 2823; x_wconf 86' lang='lat' dir='ltr'><strong>inscriptiones</strong></span> <span class='ocrx_word' id='word_1_168' title='bbox 616 2733 833 2823; x_wconf 75' lang='lat' dir='ltr'><strong>patefaciunt,</strong></span> <span class='ocrx_word' id='word_1_169' title='bbox 855 2753 937 2822; x_wconf 88' lang='lat' dir='ltr'><strong>quos</strong></span> <span class='ocrx_word' id='word_1_170' title='bbox 952 2754 1012 2796; x_wconf 90' lang='lat' dir='ltr'><strong>nee</strong></span> <span class='ocrx_word' id='word_1_171' title='bbox 1023 2729 1177 2796; x_wconf 86' lang='lat' dir='ltr'><strong>Doricam</strong></span> 
     </span>
     <span class='ocr_line' id='line_1_24' title="bbox 92 2823 1176 2926; baseline -0.002 -28"><span class='ocrx_word' id='word_1_172' title='bbox 92 2831 268 2898; x_wconf 81' lang='lat' dir='ltr'><strong>dialectum</strong></span> <span class='ocrx_word' id='word_1_173' title='bbox 298 2841 460 2900; x_wconf 87' lang='lat' dir='ltr'><strong>mutuatos</strong></span> <span class='ocrx_word' id='word_1_174' title='bbox 494 2857 566 2902; x_wconf 89' lang='lat' dir='ltr'><strong>esse</strong></span> <span class='ocrx_word' id='word_1_175' title='bbox 597 2859 705 2926; x_wconf 91' lang='lat' dir='ltr'><strong>neque</strong></span> <span class='ocrx_word' id='word_1_176' title='bbox 739 2823 832 2926; x_wconf 91' lang='lat' dir='ltr'><strong>ipsos</strong></span> <span class='ocrx_word' id='word_1_177' title='bbox 864 2831 1043 2900; x_wconf 86' lang='lat' dir='ltr'><strong>Dorienses</strong></span> <span class='ocrx_word' id='word_1_178' title='bbox 1075 2831 1176 2898; x_wconf 81' lang='lat' dir='ltr'><strong>luisse</strong></span> 
     </span>
     <span class='ocr_line' id='line_1_25' title="bbox 91 2931 1176 3028; baseline -0.002 -28"><span class='ocrx_word' id='word_1_179' title='bbox 91 2933 267 3024; x_wconf 83' lang='lat' dir='ltr'><strong>qnisquam</strong></span> <span class='ocrx_word' id='word_1_180' title='bbox 288 2933 474 3002; x_wconf 80' lang='lat' dir='ltr'><strong>crediderit.</strong></span> <span class='ocrx_word' id='word_1_181' title='bbox 516 2935 628 3027; x_wconf 88' lang='lat' dir='ltr'><strong>ltaque</strong></span> <span class='ocrx_word' id='word_1_182' title='bbox 648 2961 709 3028; x_wconf 89' lang='lat' dir='ltr'><strong>per</strong></span> <span class='ocrx_word' id='word_1_183' title='bbox 728 2933 1009 3028; x_wconf 84' lang='lat' dir='ltr'><strong>septentrionalem</strong></span> <span class='ocrx_word' id='word_1_184' title='bbox 1023 2931 1176 3000; x_wconf 84' lang='lat' dir='ltr'><strong>Graeciae</strong></span> 
     </span>
     <span class='ocr_line' id='line_1_26' title="bbox 89 3033 1175 3128; baseline -0.002 -28"><span class='ocrx_word' id='word_1_185' title='bbox 89 3049 218 3126; x_wconf 61' lang='lat' dir='ltr'><strong>pacm</strong></span> <span class='ocrx_word' id='word_1_186' title='bbox 239 3035 417 3126; x_wconf 86' lang='lat' dir='ltr'><strong>antiquitus</strong></span> <span class='ocrx_word' id='word_1_187' title='bbox 438 3036 472 3101; x_wconf 94' lang='lat' dir='ltr'><strong>id</strong></span> <span class='ocrx_word' id='word_1_188' title='bbox 492 3037 623 3127; x_wconf 75' lang='lat' dir='ltr'><strong>linguae</strong></span> <span class='ocrx_word' id='word_1_189' title='bbox 646 3063 749 3128; x_wconf 76' lang='lat' dir='ltr'><strong>gcnus</strong></span> <span class='ocrx_word' id='word_1_190' title='bbox 768 3059 940 3126; x_wconf 72' lang='lat' dir='ltr'><strong>regnasse,</strong></span> <span class='ocrx_word' id='word_1_191' title='bbox 961 3033 1048 3126; x_wconf 90' lang='lat' dir='ltr'><strong>qnod</strong></span> <span class='ocrx_word' id='word_1_192' title='bbox 1069 3058 1088 3100; x_wconf 91' lang='lat' dir='ltr'><strong>a</strong></span> <span class='ocrx_word' id='word_1_193' title='bbox 1106 3033 1175 3099; x_wconf 86' lang='lat' dir='ltr'><strong>Do·</strong></span> 
     </span>
     <span class='ocr_line' id='line_1_27' title="bbox 89 3135 1176 3229; baseline 0 -25"><span class='ocrx_word' id='word_1_194' title='bbox 89 3135 258 3204; x_wconf 88' lang='lat' dir='ltr'><strong>riensihus</strong></span> <span class='ocrx_word' id='word_1_195' title='bbox 292 3161 332 3204; x_wconf 83' lang='lat' dir='ltr'><strong>ex</strong></span> <span class='ocrx_word' id='word_1_196' title='bbox 365 3137 422 3204; x_wconf 89' lang='lat' dir='ltr'><strong>illa</strong></span> <span class='ocrx_word' id='word_1_197' title='bbox 461 3137 595 3226; x_wconf 73' lang='lat' dir='ltr'><strong>regione</strong></span> <span class='ocrx_word' id='word_1_198' title='bbox 626 3139 765 3229; x_wconf 77' lang='lat' dir='ltr'><strong>egressis</strong></span> <span class='ocrx_word' id='word_1_199' title='bbox 794 3139 952 3206; x_wconf 87' lang='lat' dir='ltr'><strong>Doricum</strong></span> <span class='ocrx_word' id='word_1_200' title='bbox 981 3135 1176 3228; x_wconf 86' lang='lat' dir='ltr'><strong>appellatum</strong></span> 
     </span>
     <span class='ocr_line' id='line_1_28' title="bbox 89 3235 1176 3332; baseline -0.001 -27"><span class='ocrx_word' id='word_1_201' title='bbox 89 3248 162 3324; x_wconf 87' lang='lat' dir='ltr'><strong>est,</strong></span> <span class='ocrx_word' id='word_1_202' title='bbox 189 3238 259 3326; x_wconf 85' lang='lat' dir='ltr'><strong>jam</strong></span> <span class='ocrx_word' id='word_1_203' title='bbox 279 3262 367 3306; x_wconf 88' lang='lat' dir='ltr'><strong>nunc</strong></span> <span class='ocrx_word' id='word_1_204' title='bbox 387 3261 509 3332; x_wconf 88' lang='lat' dir='ltr'><strong>ponere</strong></span> <span class='ocrx_word' id='word_1_205' title='bbox 529 3239 618 3307; x_wconf 88' lang='lat' dir='ltr'><strong>lieet.</strong></span> <span class='ocrx_word' id='word_1_206' title='bbox 672 3241 762 3315; x_wconf 84' lang='lat' dir='ltr'><strong>lnl&#39;ra</strong></span> <span class='ocrx_word' id='word_1_207' title='bbox 788 3241 829 3308; x_wconf 87' lang='lat' dir='ltr'><strong>ad</strong></span> <span class='ocrx_word' id='word_1_208' title='bbox 859 3261 930 3308; x_wconf 88' lang='lat' dir='ltr'><strong>eam</strong></span> <span class='ocrx_word' id='word_1_209' title='bbox 957 3235 1176 3330; x_wconf 84' lang='lat' dir='ltr'><strong>quaestionem</strong></span> 
     </span>
     <span class='ocr_line' id='line_1_29' title="bbox 87 3363 308 3410; baseline -0.018 0"><span class='ocrx_word' id='word_1_210' title='bbox 87 3363 308 3410; x_wconf 80' lang='lat' dir='ltr'><strong>recurremus.</strong></span> 
     </span>
    </p>

    <p class='ocr_par' dir='ltr' id='par_1_5' title="bbox 82 3439 1175 4044">
     <span class='ocr_line' id='line_1_30' title="bbox 178 3439 1175 3532; baseline -0.008 -24"><span class='ocrx_word' id='word_1_211' title='bbox 178 3441 219 3508; x_wconf 91' lang='lat' dir='ltr'><strong>ln</strong></span> <span class='ocrx_word' id='word_1_212' title='bbox 247 3441 345 3510; x_wconf 84' lang='lat' dir='ltr'><strong>Creta</strong></span> <span class='ocrx_word' id='word_1_213' title='bbox 368 3443 485 3509; x_wconf 86' lang='lat' dir='ltr'><strong>multas</strong></span> <span class='ocrx_word' id='word_1_214' title='bbox 512 3439 609 3508; x_wconf 90' lang='lat' dir='ltr'><strong>urhes</strong></span> <span class='ocrx_word' id='word_1_215' title='bbox 636 3439 757 3508; x_wconf 89' lang='lat' dir='ltr'><strong>Dorice</strong></span> <span class='ocrx_word' id='word_1_216' title='bbox 785 3439 935 3532; x_wconf 79' lang='lat' dir='ltr'><strong>loquutus</strong></span> <span class='ocrx_word' id='word_1_217' title='bbox 961 3460 1051 3524; x_wconf 89' lang='lat' dir='ltr'><strong>esse,</strong></span> <span class='ocrx_word' id='word_1_218' title='bbox 1094 3457 1175 3525; x_wconf 89' lang='lat' dir='ltr'><strong>quas</strong></span> 
     </span>
     <span class='ocr_line' id='line_1_31' title="bbox 87 3539 1174 3632; baseline -0.011 -19"><span class='ocrx_word' id='word_1_219' title='bbox 87 3567 208 3612; x_wconf 85' lang='lat' dir='ltr'><strong>omnes</strong></span> <span class='ocrx_word' id='word_1_220' title='bbox 229 3545 407 3610; x_wconf 87' lang='lat' dir='ltr'><strong>Dorienses</strong></span> <span class='ocrx_word' id='word_1_221' title='bbox 429 3545 562 3612; x_wconf 89' lang='lat' dir='ltr'><strong>colonos</strong></span> <span class='ocrx_word' id='word_1_222' title='bbox 584 3541 748 3632; x_wconf 88' lang='lat' dir='ltr'><strong>accepisse</strong></span> <span class='ocrx_word' id='word_1_223' title='bbox 772 3567 833 3609; x_wconf 90' lang='lat' dir='ltr'><strong>nee</strong></span> <span class='ocrx_word' id='word_1_224' title='bbox 859 3539 1011 3608; x_wconf 85' lang='lat' dir='ltr'><strong>traditum</strong></span> <span class='ocrx_word' id='word_1_225' title='bbox 1037 3547 1087 3604; x_wconf 88' lang='lat' dir='ltr'><strong>est</strong></span> <span class='ocrx_word' id='word_1_226' title='bbox 1113 3559 1174 3602; x_wconf 92' lang='lat' dir='ltr'><strong>nec</strong></span> 
     </span>
     <span class='ocr_line' id='line_1_32' title="bbox 86 3637 1174 3736; baseline -0.014 -20"><span class='ocrx_word' id='word_1_227' title='bbox 86 3645 290 3730; x_wconf 74' lang='lat' dir='ltr'><strong>verisimile,</strong></span> <span class='ocrx_word' id='word_1_228' title='bbox 312 3645 540 3736; x_wconf 89' lang='lat' dir='ltr'><strong>inscriptiones</strong></span> <span class='ocrx_word' id='word_1_229' title='bbox 561 3644 696 3728; x_wconf 90' lang='lat' dir='ltr'><strong>docent,</strong></span> <span class='ocrx_word' id='word_1_230' title='bbox 717 3643 784 3710; x_wconf 84' lang='lat' dir='ltr'><strong>vid.</strong></span> <span class='ocrx_word' id='word_1_231' title='bbox 806 3643 838 3728; x_wconf 76' lang='lat'><strong>§-</strong></span> <span class='ocrx_word' id='word_1_232' title='bbox 858 3643 898 3722; x_wconf 80' lang='lat'><strong>2,</strong></span> <span class='ocrx_word' id='word_1_233' title='bbox 919 3641 952 3709; x_wconf 87' lang='grc'><strong>9.</strong></span> <span class='ocrx_word' id='word_1_234' title='bbox 996 3639 1102 3728; x_wconf 74' lang='lat' dir='ltr'><strong>lgitnr</strong></span> <span class='ocrx_word' id='word_1_235' title='bbox 1120 3637 1174 3702; x_wconf 91' lang='lat' dir='ltr'><strong>hie</strong></span> 
     </span>
     <span class='ocr_line' id='line_1_33' title="bbox 85 3742 1174 3835; baseline -0.011 -21"><span class='ocrx_word' id='word_1_236' title='bbox 85 3747 215 3814; x_wconf 86' lang='lat' dir='ltr'><strong>Dorica</strong></span> <span class='ocrx_word' id='word_1_237' title='bbox 242 3745 355 3834; x_wconf 78' lang='lat' dir='ltr'><strong>lingua</strong></span> <span class='ocrx_word' id='word_1_238' title='bbox 380 3771 447 3812; x_wconf 93' lang='lat' dir='ltr'><strong>non</strong></span> <span class='ocrx_word' id='word_1_239' title='bbox 478 3747 585 3812; x_wconf 91' lang='lat' dir='ltr'><strong>minus</strong></span> <span class='ocrx_word' id='word_1_240' title='bbox 613 3746 653 3813; x_wconf 86' lang='lat' dir='ltr'><strong>ad</strong></span> <span class='ocrx_word' id='word_1_241' title='bbox 684 3745 822 3835; x_wconf 89' lang='lat' dir='ltr'><strong>populos</strong></span> <span class='ocrx_word' id='word_1_242' title='bbox 843 3742 993 3808; x_wconf 76' lang='lat' dir='ltr'><strong>herhas-os</strong></span> <span class='ocrx_word' id='word_1_243' title='bbox 1014 3751 1070 3806; x_wconf 87' lang='lat' dir='ltr'><strong>aut</strong></span> <span class='ocrx_word' id='word_1_244' title='bbox 1088 3745 1174 3805; x_wconf 82' lang='lat' dir='ltr'><strong>certe</strong></span> 
     </span>
     <span class='ocr_line' id='line_1_34' title="bbox 84 3839 1173 3940; baseline -0.009 -26"><span class='ocrx_word' id='word_1_245' title='bbox 84 3873 160 3914; x_wconf 89' lang='lat' dir='ltr'><strong>nou</strong></span> <span class='ocrx_word' id='word_1_246' title='bbox 182 3847 324 3914; x_wconf 88' lang='lat' dir='ltr'><strong>Doricos</strong></span> <span class='ocrx_word' id='word_1_247' title='bbox 346 3859 520 3940; x_wconf 73' lang='lat' dir='ltr'><strong>propagata</strong></span> <span class='ocrx_word' id='word_1_248' title='bbox 540 3859 607 3933; x_wconf 87' lang='lat' dir='ltr'><strong>est,</strong></span> <span class='ocrx_word' id='word_1_249' title='bbox 644 3869 739 3938; x_wconf 87' lang='lat' dir='ltr'><strong>qnam</strong></span> <span class='ocrx_word' id='word_1_250' title='bbox 759 3846 794 3911; x_wconf 89' lang='lat' dir='ltr'><strong>in</strong></span> <span class='ocrx_word' id='word_1_251' title='bbox 816 3843 950 3928; x_wconf 80' lang='lat' dir='ltr'><strong>Sicilia,</strong></span> <span class='ocrx_word' id='word_1_252' title='bbox 983 3841 1040 3907; x_wconf 88' lang='lat' dir='ltr'><strong>uhi</strong></span> <span class='ocrx_word' id='word_1_253' title='bbox 1060 3839 1173 3906; x_wconf 88' lang='lat' dir='ltr'><strong>inscri-</strong></span> 
     </span>
     <span class='ocr_line' id='line_1_35' title="bbox 82 3941 1173 4044; baseline -0.01 -27"><span class='ocrx_word' id='word_1_254' title='bbox 82 3951 222 4044; x_wconf 86' lang='lat' dir='ltr'><strong>ptiones</strong></span> <span class='ocrx_word' id='word_1_255' title='bbox 245 3949 495 4040; x_wconf 73' lang='lat' dir='ltr'><strong>Segestanorum</strong></span> <span class='ocrx_word' id='word_1_256' title='bbox 515 3961 548 4017; x_wconf 90' lang='lat' dir='ltr'><strong>et</strong></span> <span class='ocrx_word' id='word_1_257' title='bbox 566 3949 816 4033; x_wconf 79' lang='lat' dir='ltr'><strong>Alaesiuornm,</strong></span> <span class='ocrx_word' id='word_1_258' title='bbox 844 3945 902 4036; x_wconf 92' lang='lat' dir='ltr'><strong>qui</strong></span> <span class='ocrx_word' id='word_1_259' title='bbox 923 3953 1014 4012; x_wconf 89' lang='lat' dir='ltr'><strong>erant</strong></span> <span class='ocrx_word' id='word_1_260' title='bbox 1033 3941 1173 4026; x_wconf 86' lang='lat' dir='ltr'><strong>harhari,</strong></span> 
     </span>
    </p>
   </div>
   <div class='ocr_carea' id='block_1_4' title="bbox 93 4105 356 4119">
    <p class='ocr_par' dir='ltr' id='par_1_6' title="bbox 93 4105 356 4119">
     <span class='ocr_line' id='line_1_36' title="bbox 93 4105 356 4119; baseline -0.004 0"><span class='ocrx_word' id='word_1_261' title='bbox 93 4107 328 4119; x_wconf 65' lang='lat'><strong>--—·-·-·-··--</strong></span> <span class='ocrx_word' id='word_1_262' title='bbox 344 4105 356 4114; x_wconf 80' lang='lat'><strong>⁴</strong></span> 
     </span>
    </p>
   </div>
   <div class='ocr_carea' id='block_1_5' title="bbox 77 4172 1172 4344">
    <p class='ocr_par' dir='ltr' id='par_1_7' title="bbox 77 4172 1172 4344">
     <span class='ocr_line' id='line_1_37' title="bbox 79 4172 1172 4252; baseline -0.01 -13"><span class='ocrx_word' id='word_1_263' title='bbox 79 4186 122 4240; x_wconf 88' lang='lat' dir='ltr'><strong>ab</strong></span> <span class='ocrx_word' id='word_1_264' title='bbox 147 4183 263 4252; x_wconf 77' lang='lat' dir='ltr'><strong>Argivis</strong></span> <span class='ocrx_word' id='word_1_265' title='bbox 281 4199 332 4236; x_wconf 87' lang='lat' dir='ltr'><strong>nec</strong></span> <span class='ocrx_word' id='word_1_266' title='bbox 348 4181 441 4237; x_wconf 86' lang='lat' dir='ltr'><strong>diruta</strong></span> <span class='ocrx_word' id='word_1_267' title='bbox 458 4191 500 4237; x_wconf 86' lang='lat' dir='ltr'><strong>ert</strong></span> <span class='ocrx_word' id='word_1_268' title='bbox 517 4197 568 4234; x_wconf 88' lang='lat' dir='ltr'><strong>uec</strong></span> <span class='ocrx_word' id='word_1_269' title='bbox 585 4180 660 4234; x_wconf 84' lang='lat' dir='ltr'><strong>bello</strong></span> <span class='ocrx_word' id='word_1_270' title='bbox 678 4189 759 4250; x_wconf 83' lang='lat' dir='ltr'><strong>capta</strong></span> <span class='ocrx_word' id='word_1_271' title='bbox 776 4195 828 4234; x_wconf 87' lang='lat' dir='ltr'><strong>nec</strong></span> <span class='ocrx_word' id='word_1_272' title='bbox 843 4177 904 4232; x_wconf 85' lang='lat' dir='ltr'><strong>sin&#39;e</strong></span> <span class='ocrx_word' id='word_1_273' title='bbox 921 4175 950 4232; x_wconf 81' lang='lat' dir='ltr'><strong>ai</strong></span> <span class='ocrx_word' id='word_1_274' title='bbox 967 4172 1172 4240; x_wconf 85' lang='lat' dir='ltr'><strong>cotonisaucta,</strong></span> 
     </span>
     <span class='ocr_line' id='line_1_38' title="bbox 77 4267 836 4344; baseline -0.013 -16"><span class='ocrx_word' id='word_1_275' title='bbox 77 4271 137 4328; x_wconf 80' lang='lat' dir='ltr'><strong>aed</strong></span> <span class='ocrx_word' id='word_1_276' title='bbox 158 4286 309 4344; x_wconf 76' lang='lat' dir='ltr'><strong>peteme</strong></span> <span class='ocrx_word' id='word_1_277' title='bbox 327 4279 435 4340; x_wconf 85' lang='lat' dir='ltr'><strong>tempus</strong></span> <span class='ocrx_word' id='word_1_278' title='bbox 453 4269 543 4322; x_wconf 86' lang='lat' dir='ltr'><strong>libera</strong></span> <span class='ocrx_word' id='word_1_279' title='bbox 559 4277 618 4322; x_wconf 84' lang='lat' dir='ltr'><strong>erat</strong></span> <span class='ocrx_word' id='word_1_280' title='bbox 634 4277 662 4322; x_wconf 87' lang='lat' dir='ltr'><strong>et</strong></span> <span class='ocrx_word' id='word_1_281' title='bbox 680 4267 836 4337; x_wconf 77' lang='lat' dir='ltr'><strong>Dryopiea.</strong></span> 
     </span>
    </p>
   </div>
   <div class='ocr_carea' id='block_1_6' title="bbox 939 4385 978 4449">
    <p class='ocr_par' dir='ltr' id='par_1_8' title="bbox 939 4385 978 4449">
     <span class='ocr_line' id='line_1_39' title="bbox 939 4385 978 4449; baseline 0 -37"><span class='ocrx_word' id='word_1_282' title='bbox 939 4385 978 4449; x_wconf 63' lang='lat'><strong>1.</strong></span> 
     </span>
    </p>
   </div>
   <div class='ocr_carea' id='block_1_7' title="bbox 0 0 1426 4770">
    <p class='ocr_par' dir='ltr' id='par_1_9' title="bbox 0 0 1426 4770">
     <span class='ocr_line' id='line_1_40' title="bbox 0 0 1426 4770; baseline 0 7"><span class='ocrx_word' id='word_1_283' title='bbox 0 0 1426 4770; x_wconf 95' lang='lat' dir='ltr'><strong> </strong></span> 
     </span>
    </p>
   </div>
  </div>
 </body>
</html>
