2784 4768
179 339 254 416 144
381 341 437 414 De
464 335 616 455 dialecto
641 335 798 426 Aeolum
823 335 1057 414 Asianorum.
1097 313 1098 318 ¹

264 543 323 618 ll)
352 539 587 606 Praeteriti
615 561 738 629 paucae
767 539 889 606 formae
917 547 1061 606 servatae
1092 549 1180 606 suut.
1238 543 1270 606 A

177 645 287 716 verbis
308 645 409 732 vulgo
430 641 605 708 contractis
625 641 763 706 Aeolica
784 651 940 706 vocantur
968 643 1095 724 ἐφίλην,
1126 639 1217 720 ἐνόην
1238 655 1271 708 ct

176 751 283 834 s'pr'tp,
316 745 386 822 iuda
412 746 471 824 ¹⁹).
530 745 609 810 lude
632 742 900 828 iorepaunnldanv
927 743 1139 831 provulgata
1166 744 1270 809 forma

167 849 381 940 -reposuimus
404 847 438 914 S.
464 847 543 930 1123
565 845 719 935 leguntur
740 855 903 934 praeterea
925 843 1022 908 ἐκύκα
1043 843 1079 910 S.
1102 845 1157 921 26,
1183 843 1270 920 σάος

174 954 219 1019 A.
235 955 278 1020 92
298 963 331 1016 et
350 975 368 1016 e
389 959 499 1014 nostra
521 946 746 1013 emendatione
769 949 896 1022 δικαίως
918 945 952 1012 S.
967 946 1010 1014 26
1032 941 1104 1034 (pro
1125 943 1268 1033 desetor).

176 1057 214 1122 lu
237 1055 257 1122 3
278 1055 366 1142 plur.
402 1073 497 1140 saepe
529 1049 660 1116 ltrevior
679 1049 802 1131 forma,
833 1059 869 1114 ut
890 1046 982 1132 ἔβαν,
1014 1045 1151 1114 Aeolica
1171 1072 1270 1114 voca·

174 1167 248 1240 tur,
271 1157 366 1242 eujus
389 1178 490 1244 quum
513 1151 599 1242 apud
620 1151 743 1218 Aeoles
763 1149 910 1217 Asianos
933 1149 1061 1216 nullum
1082 1147 1269 1238 exemplum
1384 1223 1386 1235 Ι

176 1258 378 1348 reperiatur,
416 1267 526 1321 eontra
556 1252 736 1330 ἐστάθησαν
764 1251 799 1318 S.
824 1252 885 1336 25,
922 1247 1004 1330 ἦσαν
1034 1263 1067 1317 et
1099 1249 1194 1314 ἕσσαν
1227 1249 1264 1318 S·
1383 1243 1387 1269 ⁸

174 1362 236 1444 82,
269 1360 313 1424 A.
338 1360 378 1424 71
410 1356 591 1444 longiorem
628 1353 887 1420 terminationem
920 1363 1069 1435 servent,
1112 1351 1270 1418 Boeotico

175 1463 333 1530 dialectos
354 1458 566 1548 intelligenda
588 1456 736 1540 videtur,
765 1456 819 1522 cui
839 1457 969 1524 brevior
990 1457 1094 1522 forma
1114 1453 1193 1520 alibi
1216 1455 1270 1520 di-

174 1576 258 1632 serte
280 1562 487 1629 adscribitur.
510 1561 576 1626 uid.
600 1555 631 1646 ἓ.
655 1559 714 1642 46,
737 1559 769 1624 4.
860 1575 864 1583 ’

261 1669 322 1747 12)
354 1665 393 1730 lu
422 1661 668 1748 subjective
690 1661 814 1728 Aeeles
836 1660 920 1726 uilril
942 1659 1110 1748 singulare
1131 1658 1267 1744 ltaltcnt,

171 1770 238 1837 nisi
260 1767 348 1858 quod
371 1765 467 1831 verba
489 1775 651 1829 eontracta
674 1763 768 1830 ctiam
792 1763 845 1828 ltic
866 1763 1039 1830 verborum
1062 1760 1096 1826 iu
1118 1759 1158 1845 [οἵ
1170 1759 1268 1826 ratio·

172 1897 247 1938 netu
271 1879 470 1960 sequuntur,
501 1867 652 1952 longam,
681 1877 715 1930 ut
738 1867 848 1946 decet,
878 1865 1023 1932 vocalem
1050 1863 1175 1954 ubique
1198 1887 1265 1928 ser-

171 1971 291 2042 vantia.
349 1969 508 2057 Exempla
540 1969 741 2057 grammatici
768 1971 906 2036 all'eruut
925 1967 1057 2046 ποιήμαι
1085 1976 1117 2030 et
1138 1962 1264 2046 νόημαι,

173 2075 329 2154 adtraat,
368 2072 521 2154 ἐκαλήμην
548 2081 581 2138 et
610 2070 909 2154 s’roripnaisteetius
931 2073 1041 2152 -μαν),
1080 2065 1264 2154 antipater,

186 2237 464 2254 W

171 2367 287 2422 finitivis
304 2367 331 2420 in
351 2347 396 2420 s'a'c'
405 2366 526 2421 loannes
546 2369 642 2436 trabat,
669 2353 828 2422 omiserunt.
863 2367 1002 2436 Antiquus
1020 2386 1087 2424 uero
1104 2368 1264 2440 grammati·

171 2470 234 2523 cus,
257 2453 331 2508 unde
349 2454 416 2507 haec
434 2455 526 2507 omnia
544 2465 701 2521 manarunt,
724 2453 778 2522 ita,
802 2455 877 2521 quod
896 2455 1001 2510 Neuius
1018 2473 1054 2510 ex
1073 2467 1168 2527 aperta
1187 2455 1263 2525 apud

172 2541 308 2597 loannem
333 2540 495 2595 contusione
521 2541 591 2594 bene
614 2541 769 2610 intellexit,
795 2541 1006 2613 participiorum
1033 2543 1135 2596 termas
1156 2541 1265 2594 descri-

170 2657 272 2718 pserat,
290 2645 445 2712 utdiceret‚
465 2644 613 2715 participia
634 2646 661 2700 iu
681 2634 733 2714 o'r'v,
759 2645 783 2699 si
802 2645 886 2715 uulgo
905 2643 1057 2701 infinitivus
1075 2655 1146 2700 esset
1163 2646 1190 2699 iu
1210 2631 1262 2712 αἰῖἷ,

170 2749 244 2820 apud
263 2747 365 2802 Aeoles
389 2748 416 2802 in
435 2733 473 2802 ε’Ῐο
497 2747 594 2813 exire,
621 2747 645 2800 si
669 2748 821 2802 infinitivus
846 2750 873 2802 in
890 2734 939 2817 ἦ,
966 2749 1143 2820 participium
1162 2749 1189 2804 in
1207 2737 1263 2818 ἴτ’,

168 2854 193 2906 si
212 2852 261 2905 itte
279 2849 307 2903 in
323 2835 386 2915 ἶν’ν,
413 2849 466 2901 troc
491 2847 518 2902 in
540 2835 596 2918 ἶιῖ,
623 2867 705 2928 ortam
722 2851 883 2904 seutentiam
903 2852 1037 2906 faciliore
1054 2869 1135 2920 quam
1153 2853 1263 2908 Neuius

167 2937 357 2992 emendatione
382 2934 566 3005 restituimus,
605 2936 704 3006 primis
741 2936 856 2990 Joannis
882 2938 975 2992 verbis
997 2939 1026 2992 in
1054 2940 1127 2994 hune
1148 2941 1262 2994 modum

168 3039 292 3094 mutatis:
311 3035 360 3092 raia
377 3034 406 3091 δι’
424 3035 462 3094 εἶτ
477 3025 516 3092 ὦ
532 3036 659 3110 λήγοῦοατ
677 3039 794 3109 perennis
810 3035 864 3096 aiud
878 3037 935 3096 coir
946 3037 1153 3113 dnaprpprirors
1166 3039 1263 3114 ῥήμαῖ-

165 3145 220 3180 τονν
237 3122 358 3178 ποιοῦσι·
376 3145 410 3178 τα
403 3121 616 3195 καταλήγοντα
632 3137 684 3180 etc.

119 3251 121 3256 ·
200 3225 245 3287 19)
280 3219 421 3274 lleraclid
440 3237 485 3290 ap
504 3222 581 3276 Eust
602 3223 688 3290 14⁰8,
706 3224 732 3278 3
761 3219 833 3292 φιλοῖ
852 3220 963 3292 ε’φίλην,
988 3219 1042 3276 νοοῖ
1064 3219 1143 3292 ἒνὸην
1160 3230 1205 3280 καὶ
1221 3223 1261 3279 ad
1312 3281 1316 3292 ,

163 3303 247 3379 α’μοοα
263 3305 387 3364 Αιόλικᾰ.
420 3307 467 3362 Et.
487 3309 526 3362 Μ.
545 3311 595 3375 23,
610 3311 639 3362 A
665 3305 811 3364 Δι’ῖολοτ
797 3313 877 3378 οφίὶη
901 3307 947 3364 drai
969 3308 1020 3365 rod
1044 3313 1111 3378 ῆ-
1131 3318 1177 3366 aar
1194 3309 1262 3366 κατ’

164 3389 309 3452 Aialsi'e
291 3414 389 3460 ap.-
425 3397 506 3448 Auci.
529 3413 558 3448 π.
575 3416 623 3464 ομ.
643 3391 667 3452 d.
686 3399 730 3464 47,
750 3401 775 3452 8
794 3405 838 3450 sut
857 3380 901 3451 sai
919 3393 968 3450 τοῦ
984 3391 1260 3466 praeternavigat-

162 3503 209 3536 κον
226 3479 262 3537 ad
280 3486 358 3549 τρίτα
374 3477 507 3584 rrpdsoma
525 3477 641 3550 λήγοντα
657 3502 695 3535 πα
680 3503 734 3550 αρα
752 3479 916 3538 soleditate
933 3479 969 3537 sis
985 3481 1036 3551 τήν
1059 3505 1083 3538 st
1056 3481 1259 3556 ’δὶφθογγον

162 3567 209 3624 daci
226 3589 274 3624 τον
292 3571 310 3635 ἦ
328 3565 404 3635 capti
422 3573 478 3624 reis
496 3563 636 3624 Αἰολεῦσιν
653 3568 807 3640 ἐκφέρεται,
824 3566 859 3623 eis
876 3568 921 3624 ἐπὶ
938 3590 986 3624 τον
974 3567 1193 3640 ’ἕφ11η,ἀνοή.

195 3683 241 3751 20)
276 3681 438 3738 nletnodius
455 3681 484 3736 in
501 3685 546 3739 Et.
567 3685 607 3740 Μ.
625 3687 677 3753 to,
695 3688 738 3740 50.
755 3679 943 3754 ailaldrrrpaar
962 3685 1071 3738 derivat
1088 3683 1124 3738 ab
1142 3679 1260 3752 α’λνατοῖ,

159 3777 193 3840 οὗ
214 3783 377 3858 παρήγαγον
400 3782 437 3842 tis
458 3769 496 3856 ἶο
517 3781 667 3858 altinensis·
699 3781 732 3844 ari
757 3784 1064 3858 recrastinationem
1085 3784 1258 3856 aildxrppar·

95 3895 101 3906 ·
159 3869 257 3930 εἀιΐνοκ
274 3871 327 3945 γοῗο
344 3868 414 3930 oi‘ror
431 3877 550 3944 ποῖημαα
567 3865 613 3928 siat
629 3869 730 3944 νόημαο
751 3873 853 3948 Atyanas
870 3903 903 3914 -
921 3873 981 3930 trra
1006 3871 1023 3928 ν’
1046 3869 1162 3944 ποιητήν
1185 3871 1259 3926 uol-

159 3957 235 4014 ldaus
250 3957 389 4014 Αἰολοαοῖτ
405 3957 506 4029 χρῆται
521 3966 566 4014 κα1
582 3957 700 4028 μάλιστα
718 3957 886 4032 α’καγήμονοσ
903 3967 949 4017 aral
971 3957 1130 4032 ἄτοῖγμεκος.
1184 3959 1257 4014 lteut

77 4101 85 4128 „
158 4045 187 4100 ie
206 4049 278 4101 Anu.
297 4047 353 4102 Ox.
371 4047 401 4115 1,
421 4053 471 4114 77,
490 4049 536 4114 ll,
554 4046 609 4101 nisi
627 4049 701 4115 quod
722 4051 793 4104 mate
809 4045 925 4120 νόοημακ
944 4067 996 4120 pro
1014 4046 1133 4118 νόημαν,
1152 4045 1257 4102 deinde

155 4127 288 4202 α’νήμενοτ
316 4149 368 4202 pro
391 4130 553 4202 ἆκοῖχμονος,
580 4143 728 4202 utrumque
750 4147 910 4208 corruptum
929 4147 987 4204 est3
1014 4135 1160 4190 restituere
1187 4133 1256 4188 licet

156 4215 335 4292 ἆλαλήμονοτ,
372 4221 447 4290 quod
474 4219 593 4275 maxime
617 4222 725 4293 placet,
756 4235 803 4278 aut
834 4219 952 4294 α’ήμονοκ
979 4233 1026 4276 aut
1052 4217 1189 4290 ὀνήμενος.
1218 4249 1252 4262 ··-
