2866 4766
252 333 360 426 §.32
403 337 460 410 De
477 335 743 434 conjugationis
762 336 902 412 ratione
923 339 1125 414 communi.
1164 341 1243 420 205
1317 326 1321 337 ’

148 537 265 622 detur,
287 559 389 628 qaum
411 537 445 602 in
468 538 620 604 omnibus
643 539 712 608 illis
735 539 841 608 titulis
862 543 989 610 nudum
1007 556 1169 633 practerea
1186 571 1242 612 an·

148 639 261 730 tiquae
296 639 391 706 illius
420 641 670 730 orthographiae
705 642 882 732 vestigium
918 646 1077 712 resederit
1108 659 1243 736 excepto

146 741 427 832 Amphictyonum
448 741 578 808 decreto
608 767 659 810 nr.
683 743 786 827 1688,
821 745 861 810 de
890 771 957 837 quo
985 747 1020 812 in
1048 748 1242 838 Appendiee

148 842 404 934 disputabimus.
450 843 596 910 Facilius
619 847 652 910 in
676 846 781 912 titulis
803 847 914 915 Attica
934 849 1073 915 dialecto
1096 850 1240 939 seriptis,

147 945 207 1012 nbi
229 945 369 1012 subinde
388 946 500 1013 eadem
522 947 807 1032 conjunctivorum
829 949 911 1016 ratio
934 962 1099 1040 spectatur
1114 963 1149 1018 ut
1166 949 1241 1032 ἀρό-

145 1071 197 1112 csa
216 1072 269 1114 nr.
289 1048 369 1130 103,
393 1049 475 1125 δόξει
496 1049 774 1135 sentennaco,
797 1050 1034 1118 Boeclrhiauam
1054 1053 1240 1141 opinionem

145 1147 358 1240 probaveris,
386 1151 463 1240 quia
485 1152 573 1217 tituli
595 1152 698 1218 Attici
720 1153 833 1220 multis
855 1154 951 1218 aunis
972 1165 1048 1242 post
1068 1155 1239 1220 Euclidem

144 1251 333 1316 anebontem
344 1253 467 1318 exarati
481 1254 565 1318 hand
580 1277 653 1320 raro
669 1279 696 1318 ει
710 1279 768 1343 pro
783 1283 803 1342 ῃ
820 1257 917 1322 etiam
932 1256 967 1320 in
982 1254 1056 1320 aliis
1072 1256 1239 1340 exhibent,

144 1355 239 1420 utari
249 1356 423 1444 flovtaipro
438 1360 476 1444 τῇ
487 1359 595 1443 βουλῇ,
619 1355 686 1420 vid.
701 1356 820 1422 Franz.
835 1356 976 1424 Elemm.
988 1355 1107 1446 Epigr.
1118 1381 1151 1446 p.
1164 1357 1236 1426 150.

145 1453 214 1522 Sed
235 1456 331 1520 etiam
347 1457 426 1522 haee
450 1457 559 1546 potius
581 1456 720 1522 dialecto
743 1467 775 1522 ct
796 1457 1053 1546 pronuntiationi
1067 1458 1238 1524 tribuenda

143 1581 331 1646 essequam
348 1559 500 1648 antiquae
523 1559 771 1648 orthographiae
794 1559 921 1626 cuidam
937 1557 1152 1626 recordationi
1168 1583 1238 1648 per·

34 1709 39 1726 .
88 1727 93 1732 ,
143 1681 276 1726 suasum
290 1660 458 1726 hahemus.
504 1661 650 1726 Primum
667 1661 754 1726 enim
773 1685 832 1728 eur
847 1686 874 1726 aa
892 1685 951 1750 pro
971 1691 988 1749 p
1009 1661 1152 1728 scribere
1167 1686 1237 1750 per·

142 1773 271 1850 gerent,
293 1785 392 1850 quum
412 1787 426 1828 a
444 1785 506 1852 pro
527 1791 546 1840 η
568 1765 619 1830 vel
636 1787 663 1826 sa
682 1763 809 1852 pridem
827 1763 1059 1842 obsolevisset,
1082 1763 1149 1828 nisi
1167 1764 1237 1852 ipsa

142 1863 366 1953 pronuntiatio
384 1864 473 1932 illam
488 1865 679 1953 scripturam
690 1865 881 1952 adjuvaret‘l
914 1865 1046 1932 Deinde
1060 1863 1190 1930 Atticos
1203 1864 1238 1930 iu

143 1965 259 2030 multis
280 1987 308 2028 aa
329 1989 389 2056 pro
410 1967 596 2058 antiquiore
616 1995 635 2053 ῃ
652 1991 718 2034 uon
734 1967 839 2032 solum
856 1965 1042 2054 scripsisse,
1066 1967 1237 2032 sedetiam

140 2068 374 2157 pronuntiasse
402 2081 525 2136 certum
556 2082 625 2147 est,
671 2081 707 2134 ut
734 2071 814 2143 κλελς
840 2080 873 2132 et
904 2070 994 2132 κλείω
1016 2091 1076 2155 pro
1097 2073 1184 2146 κληῒς
1205 2079 1238 2134 et

142 2173 254 2248 κληΐω,
281 2171 364 2258 ulpius
386 2211 426 2222 —
449 2173 529 2236 λεῖον
544 2196 605 2261 pro
620 2171 707 2249 λήϊον
729 2212 769 2224 -
790 2169 905 2246 τύπτει,
929 2168 1035 2250 βούλει
1052 2193 1112 2259 pro
1127 2169 1235 2258 τύπτῃ,

139 2270 259 2359 βούλῃ,
284 2272 351 2338 vid.
368 2272 492 2338 Buttm.
516 2273 660 2340 Gramm.
684 2273 700 2338 l
723 2277 755 2357 ξ.
769 2272 812 2340 87
833 2273 937 2340 nunc
958 2311 1000 2324 -
1021 2270 1235 2358 Ἐρεχθεΐδας,

140 2373 289 2456 Alyaidce
307 2396 369 2461 pro
390 2373 617 2460 Ἐρεχθηΐδος,
646 2375 799 2457 Αἰγηΐδος
820 2375 872 2440 vel
893 2373 1114 2460 Ἐρεχθῇδος,
1133 2377 1236 2462 Αἰγῇ-

141 2477 199 2550 dor
219 2474 285 2540 vid.
308 2475 391 2540 ibid.
415 2477 449 2542 ll
470 2477 503 2559 ξ.
529 2479 590 2544 110
621 2487 691 2542 not.
712 2475 766 2544 30.
819 2475 935 2564 ltaque
957 2473 1144 2552 nescimus,
1176 2498 1236 2540 cur

141 2575 274 2644 Atticos
294 2579 342 2640 asi
360 2580 466 2661 βουλεῖ
484 2603 543 2667 pro
563 2581 602 2666 τῇ
622 2581 721 2665 βουλῇ
745 2587 778 2642 ct
798 2576 875 2655 λέγει
897 2574 951 2640 vel
971 2573 1064 2640 θάνει
1083 2598 1143 2664 pro
1166 2579 1234 2665 λέγῃ

142 2689 179 2746 et
197 2679 281 2769 θᾴνῃ
303 2679 535 2770 pronuntiasse
557 2680 688 2746 credere
710 2677 903 2770 noluerint,¹
918 2676 1113 2766 praesertim
1134 2701 1234 2766 quum

141 2779 185 2848 de
205 2781 318 2850 Attico
348 2783 396 2848 δεῖ
423 2807 482 2872 pro
515 2783 568 2871 δὲῃ
590 2782 643 2848 vel
666 2783 705 2870 δῇ
726 2777 870 2846 notabile
891 2777 1114 2844 testimoninm
1134 2791 1234 2862 extet,

140 2882 211 2952 vid.
233 2885 357 2950 Buttm.
381 2884 414 2950 ll
437 2909 469 2974 p.
495 2885 568 2952 151.
612 2881 791 2950 lleeentior
811 2903 911 2962 usus,
949 2901 1046 2968 quem
1067 2880 1147 2948 libri
1168 2905 1232 2946 ma·

140 2987 307 3077 asscripti
328 2986 503 3068 exhibent,
535 2985 577 3052 ad
597 3010 668 3052 earu
689 2983 848 3052 nationem
875 2981 1022 3066 reflexit,
1057 3005 1140 3072 quae
1161 2983 1233 3050 illa·

140 3113 215 3156 raam
236 3091 412 3155 formarum
434 3087 557 3178 origini
580 3089 719 3154 maxime
739 3083 914 3154 convenire
936 3083 1118 3150 videbatur.
1185 3125 1190 3135 ·

228 3190 401 3280 Quidquid
432 3191 472 3256 de
499 3191 683 3258 Atticorum
720 3213 783 3256 usu
813 3186 994 3252 accuratior
1025 3184 1234 3273 investigatio

142 3292 312 3376 docuerit,
344 3295 406 3360 hue
427 3317 486 3381 pro
509 3305 598 3360 certo
617 3291 825 3367 tenebimus,
853 3287 1066 3354 Doriensium
1088 3309 1232 3374 pronun·

143 3395 314 3462 tiatiouem
340 3407 465 3460 mature
496 3408 560 3461 tam
588 3394 774 3483 ambiguam
795 3391 899 3456 luisse
920 3389 956 3454 in
978 3388 1072 3454 tertia
1093 3388 1233 3474 conjun-

141 3495 224 3564 ctivi
253 3521 413 3587 persona,
449 3507 485 3562 nt
511 3497 635 3586 triplici
656 3495 715 3562 illo
736 3493 832 3559 niodo
854 3489 992 3580 exprimi
1013 3500 1137 3578 posset.
1190 3489 1234 3554 Et

142 3599 311 3691 plerisque
333 3598 466 3689 quidem
487 3598 701 3664 Doriensium
722 3593 906 3662 terminatio
932 3621 950 3670 η
974 3591 1046 3656 sinc
1068 3590 1133 3656 iota
1156 3591 1231 3655 sub·

140 3700 268 3790 scripto
289 3723 393 3788 aeque
414 3723 451 3766 ae
472 3699 606 3768 Lesbiis
627 3695 711 3784 (vid.
736 3701 767 3780 §-
790 3697 852 3778 24,
873 3692 908 3780 6)
941 3693 1079 3760 ruaxiauc
1101 3692 1231 3782 probata

141 3824 218 3870 esse
238 3799 391 3888 videtur,
428 3827 536 3894 neque
557 3801 683 3868 minore
700 3800 778 3886 jure
799 3821 840 3864 ex
861 3795 995 3886 antiquo
1016 3798 1120 3878 ts'yncr
1141 3795 1231 3860 nesci

140 3915 270 3995 poterat
291 3907 374 3988 λέχη,
397 3929 494 3994 quam
517 3929 535 3970 c
557 3905 909 3986 cnelAnaereouteum
925 3898 969 3981 uui
984 3899 1026 3964 fr.
1041 3897 1230 3985 381301312,

143 4005 234 4098 qued
256 4005 321 4072 iota
341 4007 488 4074 caruisse
510 4005 682 4096 Apollonii
715 4001 897 4069 testimonia
926 3999 966 4066 dc
996 4010 1083 4087 synt.
1113 4023 1145 4087 p.
1169 3997 1231 4064 238

142 4109 238 4188 etde
259 4107 333 4174 adv.
359 4133 391 4198 p.
415 4109 497 4191 543,
519 4109 540 4174 ἶ
562 4106 772 4196 patefaciunt.
805 4145 844 4152 -
890 4101 1113 4191 Seriptcribus
1133 4099 1231 4164 llori·

142 4209 192 4278 eis
219 4209 385 4300 culparem
417 4209 676 4278 terminationem
705 4207 890 4294 relinquere
912 4228 977 4270 nou
999 4200 1231 4282 dubitavimus,
