<?xml version="1.0" encoding="UTF-8"?>
<!DOCTYPE html PUBLIC "-//W3C//DTD XHTML 1.0 Transitional//EN"
    "http://www.w3.org/TR/xhtml1/DTD/xhtml1-transitional.dtd">
<html xmlns="http://www.w3.org/1999/xhtml" xml:lang="en" lang="en">
 <head>
  <title>
</title>
<meta http-equiv="Content-Type" content="text/html;charset=utf-8" />
  <meta name='ocr-system' content='tesseract 3.04.00' />
  <meta name='ocr-capabilities' content='ocr_page ocr_carea ocr_par ocr_line ocrx_word'/>
</head>
<body>
  <div class='ocr_page' id='page_1' title='image "./degraccaelingua01ahregoog_0045.png"; bbox 0 0 2742 4794; ppageno 0'>
   <div class='ocr_carea' id='block_1_1' title="bbox 213 325 1105 430">
    <p class='ocr_par' dir='ltr' id='par_1_1' title="bbox 213 325 1105 430">
     <span class='ocr_line' id='line_1_1' title="bbox 213 325 1105 430; baseline -0.013 0"><span class='ocrx_word' id='word_1_1' title='bbox 213 325 275 430; x_wconf 65' lang='lat' dir='ltr'>v22</span> <span class='ocrx_word' id='word_1_2' title='bbox 427 353 484 427; x_wconf 90' lang='lat' dir='ltr'>De</span> <span class='ocrx_word' id='word_1_3' title='bbox 509 349 663 426; x_wconf 84' lang='lat' dir='ltr'>dialecto</span> <span class='ocrx_word' id='word_1_4' title='bbox 688 347 845 423; x_wconf 85' lang='lat' dir='ltr'>Aeolum</span> <span class='ocrx_word' id='word_1_5' title='bbox 870 343 1105 422; x_wconf 75' lang='lat' dir='ltr'><strong>Asianorum.</strong></span> 
     </span>
    </p>
   </div>
   <div class='ocr_carea' id='block_1_2' title="bbox 214 550 1334 2983">
    <p class='ocr_par' dir='ltr' id='par_1_2' title="bbox 214 550 1334 2983">
     <span class='ocr_line' id='line_1_2' title="bbox 228 550 1326 644; baseline -0.004 -23"><span class='ocrx_word' id='word_1_6' title='bbox 228 565 383 634; x_wconf 71' lang='lat' dir='ltr'>monent,›</span> <span class='ocrx_word' id='word_1_7' title='bbox 424 577 506 644; x_wconf 87' lang='lat' dir='ltr'>quae</span> <span class='ocrx_word' id='word_1_8' title='bbox 534 575 661 644; x_wconf 77' lang='lat' dir='ltr'>semper</span> <span class='ocrx_word' id='word_1_9' title='bbox 687 552 757 619; x_wconf 83' lang='lat' dir='ltr'>fieri</span> <span class='ocrx_word' id='word_1_10' title='bbox 783 573 858 618; x_wconf 87' lang='lat' dir='ltr'>cnm</span> <span class='ocrx_word' id='word_1_11' title='bbox 880 573 1002 618; x_wconf 83' lang='lat' dir='ltr'>summa</span> <span class='ocrx_word' id='word_1_12' title='bbox 1023 550 1215 619; x_wconf 84' lang='lat' dir='ltr'>conlidentia</span> <span class='ocrx_word' id='word_1_13' title='bbox 1244 573 1326 642; x_wconf 78' lang='lat' dir='ltr'>pno-</span> 
     </span>
     <span class='ocr_line' id='line_1_3' title="bbox 229 653 1327 746; baseline -0.003 -24"><span class='ocrx_word' id='word_1_14' title='bbox 229 658 394 736; x_wconf 84' lang='lat' dir='ltr'>nuntiaut,</span> <span class='ocrx_word' id='word_1_15' title='bbox 430 677 612 746; x_wconf 84' lang='lat' dir='ltr'>quanquam</span> <span class='ocrx_word' id='word_1_16' title='bbox 634 677 671 720; x_wconf 89' lang='lat' dir='ltr'>ea</span> <span class='ocrx_word' id='word_1_17' title='bbox 692 677 764 720; x_wconf 79' lang='lat' dir='ltr'>earo</span> <span class='ocrx_word' id='word_1_18' title='bbox 792 653 863 720; x_wconf 82' lang='lat' dir='ltr'>lieri</span> <span class='ocrx_word' id='word_1_19' title='bbox 884 653 1096 720; x_wconf 82' lang='lat' dir='ltr'>certissimum</span> <span class='ocrx_word' id='word_1_20' title='bbox 1118 665 1178 720; x_wconf 88' lang='lat' dir='ltr'>cst.</span> <span class='ocrx_word' id='word_1_21' title='bbox 1234 653 1327 721; x_wconf 78' lang='lat' dir='ltr'>&#39;l’ale</span> 
     </span>
     <span class='ocr_line' id='line_1_4' title="bbox 229 751 1326 847; baseline -0.002 -23"><span class='ocrx_word' id='word_1_22' title='bbox 229 771 300 835; x_wconf 85' lang='lat' dir='ltr'>est,</span> <span class='ocrx_word' id='word_1_23' title='bbox 323 759 411 847; x_wconf 89' lang='lat' dir='ltr'>quod</span> <span class='ocrx_word' id='word_1_24' title='bbox 431 757 620 824; x_wconf 74' lang='lat' dir='ltr'>Priscianus</span> <span class='ocrx_word' id='word_1_25' title='bbox 642 753 684 844; x_wconf 89' lang='grc' dir='ltr'>(Ι.</span> <span class='ocrx_word' id='word_1_26' title='bbox 708 781 742 847; x_wconf 91' lang='lat' dir='ltr'>p.</span> <span class='ocrx_word' id='word_1_27' title='bbox 763 751 821 842; x_wconf 76' lang='lat'>22)</span> <span class='ocrx_word' id='word_1_28' title='bbox 845 766 877 821; x_wconf 84' lang='lat' dir='ltr'>et</span> <span class='ocrx_word' id='word_1_29' title='bbox 897 755 1080 846; x_wconf 81' lang='lat' dir='ltr'>Melampus</span> <span class='ocrx_word' id='word_1_30' title='bbox 1099 755 1219 835; x_wconf 70' lang='lat' dir='ltr'>(Both,</span> <span class='ocrx_word' id='word_1_31' title='bbox 1240 755 1326 832; x_wconf 87' lang='grc'><strong>777,</strong></span> 
     </span>
     <span class='ocr_line' id='line_1_5' title="bbox 230 855 1327 950; baseline -0.005 -24"><span class='ocrx_word' id='word_1_32' title='bbox 230 861 284 936; x_wconf 79' lang='grc'>15)</span> <span class='ocrx_word' id='word_1_33' title='bbox 314 882 441 950; x_wconf 81' lang='lat' dir='ltr'>semper</span> <span class='ocrx_word' id='word_1_34' title='bbox 460 859 545 950; x_wconf 88' lang='lat' dir='ltr'>apud</span> <span class='ocrx_word' id='word_1_35' title='bbox 565 861 686 926; x_wconf 86' lang='lat' dir='ltr'>Acoles</span> <span class='ocrx_word' id='word_1_36' title='bbox 707 879 855 948; x_wconf 79' lang='lat' dir='ltr'>asperum</span> <span class='ocrx_word' id='word_1_37' title='bbox 883 856 918 922; x_wconf 85' lang='lat' dir='ltr'>in</span> <span class='ocrx_word' id='word_1_38' title='bbox 939 857 1100 946; x_wconf 76' lang='lat' dir='ltr'>digamma</span> <span class='ocrx_word' id='word_1_39' title='bbox 1119 855 1235 922; x_wconf 67' lang='lat' dir='ltr'>munci</span> <span class='ocrx_word' id='word_1_40' title='bbox 1256 866 1327 921; x_wconf 82' lang='lat' dir='ltr'>tn-</span> 
     </span>
     <span class='ocr_line' id='line_1_6' title="bbox 229 957 1325 1050; baseline -0.005 -24"><span class='ocrx_word' id='word_1_41' title='bbox 229 961 325 1036; x_wconf 76' lang='lat' dir='ltr'>durat,</span> <span class='ocrx_word' id='word_1_42' title='bbox 357 961 473 1050; x_wconf 85' lang='lat' dir='ltr'>idque,</span> <span class='ocrx_word' id='word_1_43' title='bbox 504 963 566 1026; x_wconf 80' lang='lat' dir='ltr'>laoc</span> <span class='ocrx_word' id='word_1_44' title='bbox 595 961 725 1050; x_wconf 82' lang='lat' dir='ltr'>quidem</span> <span class='ocrx_word' id='word_1_45' title='bbox 754 970 853 1036; x_wconf 85' lang='lat' dir='ltr'>teste,</span> <span class='ocrx_word' id='word_1_46' title='bbox 894 963 1063 1042; x_wconf 66' lang='grc' dir='ltr'><strong><em>φιλοῦντας</em></strong></span> <span class='ocrx_word' id='word_1_47' title='bbox 1090 962 1194 1024; x_wconf 73' lang='grc' dir='ltr'><strong><em>πᾶσαν</em></strong></span> <span class='ocrx_word' id='word_1_48' title='bbox 1224 957 1325 1033; x_wconf 72' lang='grc' dir='ltr'><strong><em>λέξιν.</em></strong></span> 
     </span>
     <span class='ocr_line' id='line_1_7' title="bbox 228 1059 1328 1151; baseline -0.005 -21"><span class='ocrx_word' id='word_1_49' title='bbox 228 1063 356 1130; x_wconf 83' lang='lat' dir='ltr'>Deinde</span> <span class='ocrx_word' id='word_1_50' title='bbox 385 1082 485 1130; x_wconf 88' lang='lat' dir='ltr'>unum</span> <span class='ocrx_word' id='word_1_51' title='bbox 512 1073 598 1128; x_wconf 81' lang='lat' dir='ltr'>cente</span> <span class='ocrx_word' id='word_1_52' title='bbox 619 1060 817 1151; x_wconf 59' lang='lat' dir='ltr'>grammaiei</span> <span class='ocrx_word' id='word_1_53' title='bbox 845 1059 1063 1126; x_wconf 80' lang='lat' dir='ltr'>testimoninm</span> <span class='ocrx_word' id='word_1_54' title='bbox 1093 1070 1197 1138; x_wconf 84' lang='lat' dir='ltr'>extat,</span> <span class='ocrx_word' id='word_1_55' title='bbox 1231 1059 1328 1124; x_wconf 82' lang='lat' dir='ltr'>unde</span> 
     </span>
     <span class='ocr_line' id='line_1_8' title="bbox 229 1161 1328 1252; baseline -0.003 -23"><span class='ocrx_word' id='word_1_56' title='bbox 229 1163 383 1251; x_wconf 69' lang='lat' dir='ltr'>colligere</span> <span class='ocrx_word' id='word_1_57' title='bbox 412 1163 506 1241; x_wconf 88' lang='lat' dir='ltr'>licet,</span> <span class='ocrx_word' id='word_1_58' title='bbox 540 1163 641 1229; x_wconf 82' lang='lat' dir='ltr'>luisse</span> <span class='ocrx_word' id='word_1_59' title='bbox 667 1162 724 1252; x_wconf 88' lang='lat' dir='ltr'>qui</span> <span class='ocrx_word' id='word_1_60' title='bbox 750 1161 890 1252; x_wconf 89' lang='lat' dir='ltr'>psilosin</span> <span class='ocrx_word' id='word_1_61' title='bbox 910 1162 1079 1229; x_wconf 79' lang='lat' dir='ltr'>Aeolicam</span> <span class='ocrx_word' id='word_1_62' title='bbox 1106 1161 1227 1227; x_wconf 72' lang='lat' dir='ltr'>finibus</span> <span class='ocrx_word' id='word_1_63' title='bbox 1248 1161 1328 1251; x_wconf 82' lang='lat' dir='ltr'>qui·</span> 
     </span>
     <span class='ocr_line' id='line_1_9' title="bbox 228 1262 1327 1354; baseline -0.002 -24"><span class='ocrx_word' id='word_1_64' title='bbox 228 1264 362 1330; x_wconf 88' lang='lat' dir='ltr'>busdam</span> <span class='ocrx_word' id='word_1_65' title='bbox 383 1265 702 1344; x_wconf 79' lang='lat' dir='ltr'><strong>circumscriberent,</strong></span> <span class='ocrx_word' id='word_1_66' title='bbox 732 1287 831 1354; x_wconf 87' lang='lat' dir='ltr'>quum</span> <span class='ocrx_word' id='word_1_67' title='bbox 852 1263 974 1330; x_wconf 79' lang='lat' dir='ltr'>Aeoles</span> <span class='ocrx_word' id='word_1_68' title='bbox 995 1285 1144 1354; x_wconf 82' lang='lat' dir='ltr'>asperum</span> <span class='ocrx_word' id='word_1_69' title='bbox 1170 1262 1327 1350; x_wconf 66' lang='lat' dir='ltr'>ignorare</span> 
     </span>
     <span class='ocr_line' id='line_1_10' title="bbox 230 1363 1327 1456; baseline 0 -26"><span class='ocrx_word' id='word_1_70' title='bbox 230 1365 381 1434; x_wconf 77' lang='lat' dir='ltr'>dicuntur</span> <span class='ocrx_word' id='word_1_71' title='bbox 413 1367 444 1430; x_wconf 80' lang='grc' dir='ltr'>ἰν</span> <span class='ocrx_word' id='word_1_72' title='bbox 478 1368 547 1440; x_wconf 73' lang='grc' dir='ltr'>ταῖς</span> <span class='ocrx_word' id='word_1_73' title='bbox 576 1367 668 1440; x_wconf 79' lang='grc' dir='ltr'><strong><em>ἰδίοιις·</em></strong></span> <span class='ocrx_word' id='word_1_74' title='bbox 695 1363 812 1442; x_wconf 65' lang='grc' dir='ltr'><strong><em>λέξεσιν</em></strong></span> <span class='ocrx_word' id='word_1_75' title='bbox 826 1363 875 1454; x_wconf 75' lang='lat'>⁸).</span> <span class='ocrx_word' id='word_1_76' title='bbox 940 1364 1028 1432; x_wconf 85' lang='lat' dir='ltr'>Satis</span> <span class='ocrx_word' id='word_1_77' title='bbox 1057 1376 1145 1456; x_wconf 85' lang='lat' dir='ltr'>patet</span> <span class='ocrx_word' id='word_1_78' title='bbox 1170 1363 1327 1455; x_wconf 75' lang='lat' dir='ltr'>proprias</span> 
     </span>
     <span class='ocr_line' id='line_1_11' title="bbox 230 1465 1326 1557; baseline -0.002 -25"><span class='ocrx_word' id='word_1_79' title='bbox 230 1467 370 1532; x_wconf 82' lang='lat' dir='ltr'><strong>Aeolum</strong></span> <span class='ocrx_word' id='word_1_80' title='bbox 386 1467 544 1532; x_wconf 72' lang='lat' dir='ltr'>dictiones</span> <span class='ocrx_word' id='word_1_81' title='bbox 564 1489 619 1531; x_wconf 90' lang='lat' dir='ltr'>eas</span> <span class='ocrx_word' id='word_1_82' title='bbox 639 1468 766 1546; x_wconf 80' lang='lat' dir='ltr'>vocari,</span> <span class='ocrx_word' id='word_1_83' title='bbox 790 1487 872 1557; x_wconf 86' lang='lat' dir='ltr'>quae</span> <span class='ocrx_word' id='word_1_84' title='bbox 892 1466 966 1533; x_wconf 88' lang='lat' dir='ltr'>aliis</span> <span class='ocrx_word' id='word_1_85' title='bbox 988 1465 1136 1533; x_wconf 87' lang='lat' dir='ltr'>dialectis</span> <span class='ocrx_word' id='word_1_86' title='bbox 1156 1488 1222 1530; x_wconf 89' lang='lat' dir='ltr'>nou</span> <span class='ocrx_word' id='word_1_87' title='bbox 1245 1477 1326 1531; x_wconf 78' lang='lat' dir='ltr'>sunt</span> 
     </span>
     <span class='ocr_line' id='line_1_12' title="bbox 230 1565 1325 1657; baseline -0.002 -23"><span class='ocrx_word' id='word_1_88' title='bbox 230 1591 435 1645; x_wconf 83' lang='lat' dir='ltr'>communes,</span> <span class='ocrx_word' id='word_1_89' title='bbox 458 1569 517 1633; x_wconf 90' lang='lat' dir='ltr'>scd</span> <span class='ocrx_word' id='word_1_90' title='bbox 538 1569 646 1656; x_wconf 85' lang='lat' dir='ltr'>aliqua</span> <span class='ocrx_word' id='word_1_91' title='bbox 665 1579 751 1633; x_wconf 84' lang='lat' dir='ltr'>certe</span> <span class='ocrx_word' id='word_1_92' title='bbox 772 1569 947 1635; x_wconf 84' lang='lat' dir='ltr'>mutatione</span> <span class='ocrx_word' id='word_1_93' title='bbox 967 1569 1127 1635; x_wconf 82' lang='lat' dir='ltr'>Aeolibus</span> <span class='ocrx_word' id='word_1_94' title='bbox 1148 1565 1283 1657; x_wconf 82' lang='lat' dir='ltr'>propria</span> <span class='ocrx_word' id='word_1_95' title='bbox 1304 1590 1325 1632; x_wconf 87' lang='lat' dir='ltr'>a</span> 
     </span>
     <span class='ocr_line' id='line_1_13' title="bbox 230 1659 1326 1758; baseline -0.001 -24"><span class='ocrx_word' id='word_1_96' title='bbox 230 1668 427 1758; x_wconf 81' lang='lat' dir='ltr'>reliquorum</span> <span class='ocrx_word' id='word_1_97' title='bbox 460 1668 657 1736; x_wconf 78' lang='lat' dir='ltr'>Graecorum</span> <span class='ocrx_word' id='word_1_98' title='bbox 692 1693 754 1736; x_wconf 91' lang='lat' dir='ltr'>usu</span> <span class='ocrx_word' id='word_1_99' title='bbox 790 1670 973 1736; x_wconf 88' lang='lat' dir='ltr'>discedunt.</span> <span class='ocrx_word' id='word_1_100' title='bbox 1039 1659 1083 1736; x_wconf 78' lang='lat' dir='ltr'>Ei</span> <span class='ocrx_word' id='word_1_101' title='bbox 1114 1667 1326 1758; x_wconf 74' lang='lat' dir='ltr'>reperientes·</span> 
     </span>
     <span class='ocr_line' id='line_1_14' title="bbox 230 1769 1324 1860; baseline 0.001 -25"><span class='ocrx_word' id='word_1_102' title='bbox 230 1770 312 1835; x_wconf 90' lang='lat' dir='ltr'>aliae</span> <span class='ocrx_word' id='word_1_103' title='bbox 340 1769 524 1836; x_wconf 86' lang='lat' dir='ltr'>simillimae</span> <span class='ocrx_word' id='word_1_104' title='bbox 552 1771 830 1860; x_wconf 75' lang='lat' dir='ltr'>grammaticorum</span> <span class='ocrx_word' id='word_1_105' title='bbox 858 1773 1008 1860; x_wconf 73' lang='lat' dir='ltr'>regulae,</span> <span class='ocrx_word' id='word_1_106' title='bbox 1043 1771 1129 1838; x_wconf 87' lang='lat' dir='ltr'>uude</span> <span class='ocrx_word' id='word_1_107' title='bbox 1157 1771 1215 1836; x_wconf 88' lang='lat' dir='ltr'>illa</span> <span class='ocrx_word' id='word_1_108' title='bbox 1243 1770 1324 1838; x_wconf 90' lang='lat' dir='ltr'>illu·</span> 
     </span>
     <span class='ocr_line' id='line_1_15' title="bbox 230 1869 1322 1960; baseline 0.003 -25"><span class='ocrx_word' id='word_1_109' title='bbox 230 1869 324 1936; x_wconf 83' lang='lat' dir='ltr'>steani</span> <span class='ocrx_word' id='word_1_110' title='bbox 352 1871 467 1960; x_wconf 89' lang='lat' dir='ltr'>possit.</span> <span class='ocrx_word' id='word_1_111' title='bbox 521 1872 668 1940; x_wconf 85' lang='lat' dir='ltr'>Primum</span> <span class='ocrx_word' id='word_1_112' title='bbox 696 1875 845 1954; x_wconf 88' lang='lat' dir='ltr'>(docente</span> <span class='ocrx_word' id='word_1_113' title='bbox 867 1871 1052 1940; x_wconf 75' lang='lat' dir='ltr'>Herodiano</span> <span class='ocrx_word' id='word_1_114' title='bbox 1080 1871 1115 1938; x_wconf 91' lang='lat' dir='ltr'>in</span> <span class='ocrx_word' id='word_1_115' title='bbox 1137 1872 1227 1938; x_wconf 84' lang='lat' dir='ltr'>Anu.</span> <span class='ocrx_word' id='word_1_116' title='bbox 1252 1871 1322 1938; x_wconf 84' lang='lat' dir='ltr'>Ox.</span> 
     </span>
     <span class='ocr_line' id='line_1_16' title="bbox 230 1972 1324 2066; baseline 0.002 -28"><span class='ocrx_word' id='word_1_117' title='bbox 230 1972 298 2048; x_wconf 85' lang='lat' dir='ltr'>lv,</span> <span class='ocrx_word' id='word_1_118' title='bbox 320 1972 399 2052; x_wconf 81' lang='grc'>416,</span> <span class='ocrx_word' id='word_1_119' title='bbox 423 1975 483 2054; x_wconf 79' lang='lat'>12,</span> <span class='ocrx_word' id='word_1_120' title='bbox 511 1974 597 2040; x_wconf 90' lang='lat' dir='ltr'>unde</span> <span class='ocrx_word' id='word_1_121' title='bbox 626 1975 744 2042; x_wconf 75' lang='lat' dir='ltr'>Choes.</span> <span class='ocrx_word' id='word_1_122' title='bbox 771 1999 823 2066; x_wconf 89' lang='lat' dir='ltr'>ap.</span> <span class='ocrx_word' id='word_1_123' title='bbox 845 1975 948 2042; x_wconf 75' lang='lat' dir='ltr'>Belals.</span> <span class='ocrx_word' id='word_1_124' title='bbox 972 1975 1013 2042; x_wconf 89' lang='lat' dir='ltr'>ad</span> <span class='ocrx_word' id='word_1_125' title='bbox 1033 1974 1148 2064; x_wconf 82' lang='lat' dir='ltr'>Apoll.</span> <span class='ocrx_word' id='word_1_126' title='bbox 1169 1973 1210 2038; x_wconf 91' lang='lat' dir='ltr'>de</span> <span class='ocrx_word' id='word_1_127' title='bbox 1231 1985 1324 2062; x_wconf 73' lang='lat' dir='ltr'>synt.</span> 
     </span>
     <span class='ocr_line' id='line_1_17' title="bbox 229 2065 1334 2164; baseline 0 -24"><span class='ocrx_word' id='word_1_128' title='bbox 229 2099 264 2164; x_wconf 91' lang='lat' dir='ltr'>p.</span> <span class='ocrx_word' id='word_1_129' title='bbox 288 2073 372 2158; x_wconf 80' lang='grc'>350)</span> <span class='ocrx_word' id='word_1_130' title='bbox 405 2079 437 2140; x_wconf 78' lang='grc' dir='ltr'>αἱ</span> <span class='ocrx_word' id='word_1_131' title='bbox 465 2077 632 2160; x_wconf 70' lang='grc' dir='ltr'><strong><em>δι’φθογγοι</em></strong></span> <span class='ocrx_word' id='word_1_132' title='bbox 651 2080 800 2144; x_wconf 76' lang='grc' dir='ltr'><strong><em>Αἰολικαί</em></strong></span> <span class='ocrx_word' id='word_1_133' title='bbox 821 2075 965 2143; x_wconf 79' lang='grc' dir='ltr'><strong><em>οἰὸἰποοο</em></strong></span> <span class='ocrx_word' id='word_1_134' title='bbox 984 2077 1050 2153; x_wconf 79' lang='grc' dir='ltr'><strong><em>τοῖς</em></strong></span> <span class='ocrx_word' id='word_1_135' title='bbox 1071 2078 1222 2141; x_wconf 74' lang='grc' dir='ltr'>Αἰολεῦσι</span> <span class='ocrx_word' id='word_1_136' title='bbox 1251 2065 1334 2140; x_wconf 60' lang='grc' dir='ltr'>ιίιο-ῃ</span> 
     </span>
     <span class='ocr_line' id='line_1_18' title="bbox 230 2173 1325 2268; baseline 0.004 -28"><span class='ocrx_word' id='word_1_137' title='bbox 230 2173 372 2254; x_wconf 74' lang='grc' dir='ltr'><strong><em>λύονται,</em></strong></span> <span class='ocrx_word' id='word_1_138' title='bbox 405 2177 520 2267; x_wconf 90' lang='lat' dir='ltr'>quales</span> <span class='ocrx_word' id='word_1_139' title='bbox 550 2189 628 2244; x_wconf 85' lang='lat' dir='ltr'>suut</span> <span class='ocrx_word' id='word_1_140' title='bbox 656 2178 692 2243; x_wconf 92' lang='lat' dir='ltr'>in</span> <span class='ocrx_word' id='word_1_141' title='bbox 720 2179 844 2260; x_wconf 80' lang='grc' dir='ltr'><strong><em>με’λαις,</em></strong></span> <span class='ocrx_word' id='word_1_142' title='bbox 878 2177 1026 2261; x_wconf 62' lang='lat' dir='ltr'>dromos,</span> <span class='ocrx_word' id='word_1_143' title='bbox 1064 2177 1141 2268; x_wconf 89' lang='lat' dir='ltr'>quia</span> <span class='ocrx_word' id='word_1_144' title='bbox 1170 2175 1325 2267; x_wconf 77' lang='lat' dir='ltr'>reliquae</span> 
     </span>
     <span class='ocr_line' id='line_1_19' title="bbox 229 2277 1326 2364; baseline 0.002 -20"><span class='ocrx_word' id='word_1_145' title='bbox 229 2277 360 2344; x_wconf 75' lang='lat' dir='ltr'>dialecti</span> <span class='ocrx_word' id='word_1_146' title='bbox 378 2279 470 2360; x_wconf 78' lang='grc' dir='ltr'><strong><em>με’λας</em></strong></span> <span class='ocrx_word' id='word_1_147' title='bbox 491 2289 523 2344; x_wconf 90' lang='lat' dir='ltr'>et</span> <span class='ocrx_word' id='word_1_148' title='bbox 545 2278 665 2362; x_wconf 77' lang='grc' dir='ltr'><strong><em>ὄνειρος</em></strong></span> <span class='ocrx_word' id='word_1_149' title='bbox 686 2279 823 2364; x_wconf 74' lang='lat' dir='ltr'>liabent3</span> <span class='ocrx_word' id='word_1_150' title='bbox 846 2279 964 2347; x_wconf 89' lang='lat' dir='ltr'>deinde</span> <span class='ocrx_word' id='word_1_151' title='bbox 981 2279 1104 2346; x_wconf 78' lang='lat' dir='ltr'>Aeolon</span> <span class='ocrx_word' id='word_1_152' title='bbox 1125 2278 1190 2347; x_wconf 89' lang='lat' dir='ltr'>alio</span> <span class='ocrx_word' id='word_1_153' title='bbox 1211 2290 1326 2346; x_wconf 84' lang='lat' dir='ltr'>aucto·</span> 
     </span>
     <span class='ocr_line' id='line_1_20' title="bbox 214 2379 1328 2466; baseline 0.001 -19"><span class='ocrx_word' id='word_1_154' title='bbox 214 2403 265 2447; x_wconf 71' lang='grc' dir='ltr'>τε</span> <span class='ocrx_word' id='word_1_155' title='bbox 285 2379 390 2462; x_wconf 76' lang='lat' dir='ltr'>(Anu.</span> <span class='ocrx_word' id='word_1_156' title='bbox 415 2381 479 2446; x_wconf 82' lang='lat' dir='ltr'>Ox.</span> <span class='ocrx_word' id='word_1_157' title='bbox 503 2379 540 2464; x_wconf 86' lang='lat' dir='ltr'>l,</span> <span class='ocrx_word' id='word_1_158' title='bbox 562 2381 647 2464; x_wconf 77' lang='lat'><strong>291,</strong></span> <span class='ocrx_word' id='word_1_159' title='bbox 668 2381 732 2460; x_wconf 75' lang='lat'>24)</span> <span class='ocrx_word' id='word_1_160' title='bbox 755 2379 899 2448; x_wconf 74' lang='grc' dir='ltr'><strong><em>οὐδέποτε</em></strong></span> <span class='ocrx_word' id='word_1_161' title='bbox 919 2379 958 2446; x_wconf 81' lang='lat' dir='ltr'>col</span> <span class='ocrx_word' id='word_1_162' title='bbox 978 2381 1055 2465; x_wconf 75' lang='grc' dir='ltr'><strong><em>παρ’</em></strong></span> <span class='ocrx_word' id='word_1_163' title='bbox 1084 2380 1188 2466; x_wconf 73' lang='grc' dir='ltr'><strong><em>αὑιοῒς</em></strong></span> <span class='ocrx_word' id='word_1_164' title='bbox 1211 2379 1267 2448; x_wconf 78' lang='grc' dir='ltr'>δύο</span> <span class='ocrx_word' id='word_1_165' title='bbox 1291 2381 1328 2454; x_wconf 68' lang='grc' dir='ltr'>ἴα</span> 
     </span>
     <span class='ocr_line' id='line_1_21' title="bbox 228 2483 1324 2573; baseline 0.004 -25"><span class='ocrx_word' id='word_1_166' title='bbox 228 2484 392 2569; x_wconf 76' lang='grc' dir='ltr'><strong><em>τρέπουσιν</em></strong></span> <span class='ocrx_word' id='word_1_167' title='bbox 414 2486 458 2560; x_wconf 78' lang='grc' dir='ltr'>εἰς</span> <span class='ocrx_word' id='word_1_168' title='bbox 475 2484 507 2567; x_wconf 77' lang='grc' dir='ltr'>ξ,</span> <span class='ocrx_word' id='word_1_169' title='bbox 530 2506 592 2550; x_wconf 87' lang='lat' dir='ltr'>nee</span> <span class='ocrx_word' id='word_1_170' title='bbox 607 2485 719 2563; x_wconf 85' lang='grc' dir='ltr'><strong><em>αἰσοω,</em></strong></span> <span class='ocrx_word' id='word_1_171' title='bbox 745 2483 834 2572; x_wconf 87' lang='lat' dir='ltr'>qnod</span> <span class='ocrx_word' id='word_1_172' title='bbox 855 2483 920 2573; x_wconf 88' lang='lat' dir='ltr'>ipsi</span> <span class='ocrx_word' id='word_1_173' title='bbox 941 2507 1000 2573; x_wconf 79' lang='lat' dir='ltr'>pao</span> <span class='ocrx_word' id='word_1_174' title='bbox 1014 2485 1108 2548; x_wconf 74' lang='lat' dir='ltr'>almos</span> <span class='ocrx_word' id='word_1_175' title='bbox 1129 2483 1261 2564; x_wconf 79' lang='lat' dir='ltr'>habent,</span> <span class='ocrx_word' id='word_1_176' title='bbox 1286 2485 1324 2552; x_wconf 89' lang='lat' dir='ltr'>in</span> 
     </span>
     <span class='ocr_line' id='line_1_22' title="bbox 229 2584 1325 2676; baseline 0 -24"><span class='ocrx_word' id='word_1_177' title='bbox 229 2589 302 2664; x_wconf 82' lang='grc' dir='ltr'><strong><em>αἰζω</em></strong></span> <span class='ocrx_word' id='word_1_178' title='bbox 329 2597 465 2655; x_wconf 87' lang='lat' dir='ltr'>mutant.</span> <span class='ocrx_word' id='word_1_179' title='bbox 515 2584 589 2653; x_wconf 77' lang='lat' dir='ltr'>dam</span> <span class='ocrx_word' id='word_1_180' title='bbox 615 2585 652 2651; x_wconf 93' lang='lat' dir='ltr'>in</span> <span class='ocrx_word' id='word_1_181' title='bbox 672 2586 728 2653; x_wconf 80' lang='lat' dir='ltr'>lais</span> <span class='ocrx_word' id='word_1_182' title='bbox 749 2585 875 2676; x_wconf 72' lang='lat' dir='ltr'>regulis</span> <span class='ocrx_word' id='word_1_183' title='bbox 895 2588 1045 2652; x_wconf 83' lang='grc' dir='ltr'><strong><em>Αἰολικαί</em></strong></span> <span class='ocrx_word' id='word_1_184' title='bbox 1066 2587 1247 2670; x_wconf 74' lang='grc' dir='ltr'><strong><em>δίφθογγοι,</em></strong></span> <span class='ocrx_word' id='word_1_185' title='bbox 1283 2585 1325 2652; x_wconf 75' lang='lat' dir='ltr'>eoi</span> 
     </span>
     <span class='ocr_line' id='line_1_23' title="bbox 228 2679 1325 2772; baseline 0.001 -20"><span class='ocrx_word' id='word_1_186' title='bbox 228 2685 308 2768; x_wconf 82' lang='grc' dir='ltr'><strong><em>παρ’</em></strong></span> <span class='ocrx_word' id='word_1_187' title='bbox 339 2687 445 2764; x_wconf 79' lang='grc' dir='ltr'><strong><em>αὐτοῖς</em></strong></span> <span class='ocrx_word' id='word_1_188' title='bbox 466 2688 521 2753; x_wconf 82' lang='lat' dir='ltr'>delo</span> <span class='ocrx_word' id='word_1_189' title='bbox 538 2688 575 2756; x_wconf 70' lang='grc' dir='ltr'>ῖι</span> <span class='ocrx_word' id='word_1_190' title='bbox 596 2688 681 2754; x_wconf 85' lang='grc' dir='ltr'><strong><em>οἰίιίἰ</em></strong></span> <span class='ocrx_word' id='word_1_191' title='bbox 709 2697 759 2754; x_wconf 90' lang='lat' dir='ltr'>est</span> <span class='ocrx_word' id='word_1_192' title='bbox 788 2679 854 2754; x_wconf 88' lang='lat' dir='ltr'>uisi</span> <span class='ocrx_word' id='word_1_193' title='bbox 883 2689 962 2753; x_wconf 85' lang='grc' dir='ltr'><strong><em>ἰδιαι</em></strong></span> <span class='ocrx_word' id='word_1_194' title='bbox 982 2689 1168 2772; x_wconf 71' lang='grc' dir='ltr'><strong><em>ὄίφθογγοι,</em></strong></span> <span class='ocrx_word' id='word_1_195' title='bbox 1196 2685 1234 2753; x_wconf 79' lang='lat' dir='ltr'>soi</span> <span class='ocrx_word' id='word_1_196' title='bbox 1256 2689 1325 2754; x_wconf 79' lang='lat' dir='ltr'>idae</span> 
     </span>
     <span class='ocr_line' id='line_1_24' title="bbox 230 2787 1325 2879; baseline 0.005 -26"><span class='ocrx_word' id='word_1_197' title='bbox 230 2789 284 2856; x_wconf 80' lang='grc' dir='ltr'>δύο</span> <span class='ocrx_word' id='word_1_198' title='bbox 301 2787 349 2870; x_wconf 59' lang='grc' dir='ltr'>ὦ,</span> <span class='ocrx_word' id='word_1_199' title='bbox 373 2799 405 2855; x_wconf 89' lang='lat' dir='ltr'>ct</span> <span class='ocrx_word' id='word_1_200' title='bbox 426 2790 518 2878; x_wconf 86' lang='lat' dir='ltr'>ipsae</span> <span class='ocrx_word' id='word_1_201' title='bbox 540 2811 636 2855; x_wconf 89' lang='lat' dir='ltr'>voces</span> <span class='ocrx_word' id='word_1_202' title='bbox 658 2790 781 2872; x_wconf 78' lang='grc' dir='ltr'><strong><em>μέλαις,</em></strong></span> <span class='ocrx_word' id='word_1_203' title='bbox 806 2788 951 2872; x_wconf 76' lang='grc' dir='ltr'><strong><em>ὅοοιρος,</em></strong></span> <span class='ocrx_word' id='word_1_204' title='bbox 981 2790 1079 2854; x_wconf 76' lang='lat' dir='ltr'>alono</span> <span class='ocrx_word' id='word_1_205' title='bbox 1102 2789 1224 2879; x_wconf 84' lang='lat' dir='ltr'>optimo</span> <span class='ocrx_word' id='word_1_206' title='bbox 1244 2789 1325 2878; x_wconf 77' lang='lat' dir='ltr'>jure</span> 
     </span>
     <span class='ocr_line' id='line_1_25' title="bbox 228 2887 1325 2983; baseline 0.005 -28"><span class='ocrx_word' id='word_1_207' title='bbox 228 2892 307 2956; x_wconf 76' lang='lat' dir='ltr'>idaea</span> <span class='ocrx_word' id='word_1_208' title='bbox 326 2890 467 2956; x_wconf 76' lang='grc' dir='ltr'><strong><em>Αἰολέων</em></strong></span> <span class='ocrx_word' id='word_1_209' title='bbox 488 2891 582 2966; x_wconf 67' lang='lat' dir='ltr'>ialgeio</span> <span class='ocrx_word' id='word_1_210' title='bbox 603 2891 712 2957; x_wconf 78' lang='lat' dir='ltr'>vocari</span> <span class='ocrx_word' id='word_1_211' title='bbox 734 2900 893 2980; x_wconf 77' lang='lat' dir='ltr'>poteraut.</span> <span class='ocrx_word' id='word_1_212' title='bbox 938 2887 1044 2980; x_wconf 75' lang='lat' dir='ltr'>Igitur</span> <span class='ocrx_word' id='word_1_213' title='bbox 1069 2911 1136 2958; x_wconf 88' lang='lat' dir='ltr'>non</span> <span class='ocrx_word' id='word_1_214' title='bbox 1157 2893 1264 2983; x_wconf 78' lang='lat' dir='ltr'>magis</span> <span class='ocrx_word' id='word_1_215' title='bbox 1287 2895 1325 2960; x_wconf 88' lang='lat' dir='ltr'>in</span> 
     </span>
    </p>
   </div>
   <div class='ocr_carea' id='block_1_3' title="bbox 114 2990 1327 3083">
    <p class='ocr_par' dir='ltr' id='par_1_3' title="bbox 114 2990 1327 3083">
     <span class='ocr_line' id='line_1_26' title="bbox 114 2990 1327 3083; baseline 0.006 -27"><span class='ocrx_word' id='word_1_216' title='bbox 114 3046 118 3056; x_wconf 92' lang='lat'>.</span> <span class='ocrx_word' id='word_1_217' title='bbox 228 2991 288 3058; x_wconf 89' lang='lat' dir='ltr'>illa</span> <span class='ocrx_word' id='word_1_218' title='bbox 316 2990 431 3083; x_wconf 75' lang='lat' dir='ltr'>regula</span> <span class='ocrx_word' id='word_1_219' title='bbox 461 3015 574 3059; x_wconf 84' lang='lat' dir='ltr'>vocem</span> <span class='ocrx_word' id='word_1_220' title='bbox 607 2993 702 3068; x_wconf 80' lang='grc' dir='ltr'><strong><em>ἰδίαις</em></strong></span> <span class='ocrx_word' id='word_1_221' title='bbox 734 3011 1003 3081; x_wconf 78' lang='lat' dir='ltr'>supervacaneam</span> <span class='ocrx_word' id='word_1_222' title='bbox 1030 2991 1149 3058; x_wconf 81' lang='lat' dir='ltr'>habere</span> <span class='ocrx_word' id='word_1_223' title='bbox 1181 2991 1260 3060; x_wconf 85' lang='lat' dir='ltr'>lieet</span> <span class='ocrx_word' id='word_1_224' title='bbox 1290 3008 1327 3063; x_wconf 88' lang='lat' dir='ltr'>ct</span> 
     </span>
    </p>
   </div>
   <div class='ocr_carea' id='block_1_4' title="bbox 228 3088 1326 3907">
    <p class='ocr_par' dir='ltr' id='par_1_4' title="bbox 228 3088 1326 3907">
     <span class='ocr_line' id='line_1_27' title="bbox 228 3088 1326 3186; baseline -0.005 -26"><span class='ocrx_word' id='word_1_225' title='bbox 228 3093 458 3186; x_wconf 76' lang='lat' dir='ltr'>tautologieam</span> <span class='ocrx_word' id='word_1_226' title='bbox 481 3088 579 3186; x_wconf 86' lang='lat' dir='ltr'>(quae</span> <span class='ocrx_word' id='word_1_227' title='bbox 602 3102 653 3157; x_wconf 90' lang='lat' dir='ltr'>est</span> <span class='ocrx_word' id='word_1_228' title='bbox 674 3092 782 3160; x_wconf 85' lang='lat' dir='ltr'>Giesii</span> <span class='ocrx_word' id='word_1_229' title='bbox 803 3093 916 3184; x_wconf 89' lang='lat' dir='ltr'>opinio</span> <span class='ocrx_word' id='word_1_230' title='bbox 936 3119 971 3184; x_wconf 93' lang='lat' dir='ltr'>p.</span> <span class='ocrx_word' id='word_1_231' title='bbox 995 3090 1096 3178; x_wconf 74' lang='lat'><strong>348),</strong></span> <span class='ocrx_word' id='word_1_232' title='bbox 1118 3117 1216 3184; x_wconf 86' lang='lat' dir='ltr'>quam</span> <span class='ocrx_word' id='word_1_233' title='bbox 1237 3099 1326 3166; x_wconf 86' lang='grc' dir='ltr'><strong><em>Αἰο.</em></strong></span> 
     </span>
     <span class='ocr_line' id='line_1_28' title="bbox 229 3191 1324 3286; baseline 0.002 -24"><span class='ocrx_word' id='word_1_234' title='bbox 229 3199 313 3262; x_wconf 81' lang='grc' dir='ltr'>λιααί</span> <span class='ocrx_word' id='word_1_235' title='bbox 333 3196 387 3262; x_wconf 83' lang='lat' dir='ltr'>vel</span> <span class='ocrx_word' id='word_1_236' title='bbox 406 3194 446 3260; x_wconf 78' lang='grc' dir='ltr'>τὰ</span> <span class='ocrx_word' id='word_1_237' title='bbox 466 3191 546 3280; x_wconf 85' lang='grc' dir='ltr'><strong><em>παρ’</em></strong></span> <span class='ocrx_word' id='word_1_238' title='bbox 570 3192 675 3269; x_wconf 64' lang='lat' dir='ltr'>adonio</span> <span class='ocrx_word' id='word_1_239' title='bbox 696 3193 731 3260; x_wconf 89' lang='lat' dir='ltr'>in</span> <span class='ocrx_word' id='word_1_240' title='bbox 753 3194 896 3272; x_wconf 59' lang='lat' dir='ltr'>ceteris„</span> <span class='ocrx_word' id='word_1_241' title='bbox 937 3193 1072 3286; x_wconf 89' lang='lat' dir='ltr'>Neque,</span> <span class='ocrx_word' id='word_1_242' title='bbox 1105 3195 1133 3261; x_wconf 91' lang='lat' dir='ltr'>si</span> <span class='ocrx_word' id='word_1_243' title='bbox 1160 3219 1324 3286; x_wconf 70' lang='lat' dir='ltr'>gramma-</span> 
     </span>
     <span class='ocr_line' id='line_1_29' title="bbox 228 3295 1325 3388; baseline 0 -22"><span class='ocrx_word' id='word_1_244' title='bbox 228 3299 367 3369; x_wconf 83' lang='lat' dir='ltr'>ticorum</span> <span class='ocrx_word' id='word_1_245' title='bbox 389 3297 568 3366; x_wconf 80' lang='lat' dir='ltr'>doctrinam</span> <span class='ocrx_word' id='word_1_246' title='bbox 589 3295 630 3364; x_wconf 88' lang='lat' dir='ltr'>de</span> <span class='ocrx_word' id='word_1_247' title='bbox 651 3295 801 3364; x_wconf 79' lang='lat' dir='ltr'>dialectis</span> <span class='ocrx_word' id='word_1_248' title='bbox 828 3307 1029 3388; x_wconf 86' lang='lat' dir='ltr'>spectamus,</span> <span class='ocrx_word' id='word_1_249' title='bbox 1061 3295 1184 3363; x_wconf 86' lang='lat' dir='ltr'>absona</span> <span class='ocrx_word' id='word_1_250' title='bbox 1211 3307 1244 3364; x_wconf 87' lang='lat' dir='ltr'>et</span> <span class='ocrx_word' id='word_1_251' title='bbox 1264 3300 1325 3366; x_wconf 81' lang='lat' dir='ltr'>ab·</span> 
     </span>
     <span class='ocr_line' id='line_1_30' title="bbox 230 3397 1323 3490; baseline 0.002 -22"><span class='ocrx_word' id='word_1_252' title='bbox 230 3399 328 3468; x_wconf 75' lang='lat' dir='ltr'>sunda</span> <span class='ocrx_word' id='word_1_253' title='bbox 347 3399 478 3466; x_wconf 78' lang='lat' dir='ltr'>videtur</span> <span class='ocrx_word' id='word_1_254' title='bbox 497 3421 536 3466; x_wconf 88' lang='lat' dir='ltr'>ea</span> <span class='ocrx_word' id='word_1_255' title='bbox 555 3397 691 3489; x_wconf 74' lang='lat' dir='ltr'>regula,</span> <span class='ocrx_word' id='word_1_256' title='bbox 718 3421 802 3490; x_wconf 87' lang='lat' dir='ltr'>quae</span> <span class='ocrx_word' id='word_1_257' title='bbox 826 3399 974 3489; x_wconf 76' lang='lat' dir='ltr'>proprias</span> <span class='ocrx_word' id='word_1_258' title='bbox 996 3399 1137 3466; x_wconf 85' lang='lat' dir='ltr'>Aeolum</span> <span class='ocrx_word' id='word_1_259' title='bbox 1159 3397 1323 3470; x_wconf 88' lang='lat' dir='ltr'>dictiones</span> 
     </span>
     <span class='ocr_line' id='line_1_31' title="bbox 229 3498 1324 3594; baseline 0.002 -26"><span class='ocrx_word' id='word_1_260' title='bbox 229 3525 345 3594; x_wconf 80' lang='lat' dir='ltr'>aspero</span> <span class='ocrx_word' id='word_1_261' title='bbox 366 3501 512 3568; x_wconf 80' lang='lat' dir='ltr'>caruisse</span> <span class='ocrx_word' id='word_1_262' title='bbox 534 3500 639 3568; x_wconf 87' lang='lat' dir='ltr'>docet.</span> <span class='ocrx_word' id='word_1_263' title='bbox 683 3498 845 3566; x_wconf 74' lang='lat' dir='ltr'>llli&#39;enim</span> <span class='ocrx_word' id='word_1_264' title='bbox 865 3499 910 3566; x_wconf 82' lang='lat' dir='ltr'>ita</span> <span class='ocrx_word' id='word_1_265' title='bbox 930 3523 1124 3588; x_wconf 83' lang='lat' dir='ltr'>persuasum</span> <span class='ocrx_word' id='word_1_266' title='bbox 1140 3501 1324 3589; x_wconf 75' lang='lat' dir='ltr'>laabeloaut,</span> 
     </span>
     <span class='ocr_line' id='line_1_32' title="bbox 230 3601 1325 3696; baseline 0.002 -26"><span class='ocrx_word' id='word_1_267' title='bbox 230 3627 394 3696; x_wconf 83' lang='lat' dir='ltr'>quamque</span> <span class='ocrx_word' id='word_1_268' title='bbox 426 3603 599 3669; x_wconf 85' lang='lat' dir='ltr'>dialectum</span> <span class='ocrx_word' id='word_1_269' title='bbox 627 3601 690 3668; x_wconf 87' lang='lat' dir='ltr'>alia</span> <span class='ocrx_word' id='word_1_270' title='bbox 720 3601 850 3691; x_wconf 82' lang='lat' dir='ltr'>propria</span> <span class='ocrx_word' id='word_1_271' title='bbox 875 3601 1015 3688; x_wconf 83' lang='lat' dir='ltr'>hahere,</span> <span class='ocrx_word' id='word_1_272' title='bbox 1049 3601 1113 3668; x_wconf 85' lang='lat' dir='ltr'>alia</span> <span class='ocrx_word' id='word_1_273' title='bbox 1139 3624 1214 3669; x_wconf 88' lang='lat' dir='ltr'>cum</span> <span class='ocrx_word' id='word_1_274' title='bbox 1243 3603 1325 3673; x_wconf 82' lang='lat' dir='ltr'>aliis</span> 
     </span>
     <span class='ocr_line' id='line_1_33' title="bbox 229 3699 1323 3794; baseline 0.001 -23"><span class='ocrx_word' id='word_1_275' title='bbox 229 3705 379 3774; x_wconf 87' lang='lat' dir='ltr'>dialectis</span> <span class='ocrx_word' id='word_1_276' title='bbox 400 3703 604 3788; x_wconf 84' lang='lat' dir='ltr'>communia,</span> <span class='ocrx_word' id='word_1_277' title='bbox 636 3725 719 3794; x_wconf 84' lang='lat' dir='ltr'>quae</span> <span class='ocrx_word' id='word_1_278' title='bbox 741 3703 826 3769; x_wconf 90' lang='lat' dir='ltr'>nulli</span> <span class='ocrx_word' id='word_1_279' title='bbox 847 3699 986 3771; x_wconf 86' lang='lat' dir='ltr'>dialecto</span> <span class='ocrx_word' id='word_1_280' title='bbox 1007 3705 1138 3793; x_wconf 82' lang='lat' dir='ltr'>propria</span> <span class='ocrx_word' id='word_1_281' title='bbox 1159 3704 1323 3772; x_wconf 82' lang='lat' dir='ltr'>vindicari</span> 
     </span>
     <span class='ocr_line' id='line_1_34' title="bbox 229 3803 1322 3907; baseline -0.001 -32"><span class='ocrx_word' id='word_1_282' title='bbox 229 3820 377 3900; x_wconf 75' lang='lat' dir='ltr'>possent,</span> <span class='ocrx_word' id='word_1_283' title='bbox 398 3807 462 3876; x_wconf 90' lang='lat' dir='ltr'>alia</span> <span class='ocrx_word' id='word_1_284' title='bbox 474 3805 604 3875; x_wconf 85' lang='lat' dir='ltr'>ex&#39;aliis</span> <span class='ocrx_word' id='word_1_285' title='bbox 620 3805 780 3890; x_wconf 85' lang='lat' dir='ltr'>dialectis,</span> <span class='ocrx_word' id='word_1_286' title='bbox 804 3803 926 3900; x_wconf 86' lang='lat' dir='ltr'>quibus</span> <span class='ocrx_word' id='word_1_287' title='bbox 939 3805 1072 3907; x_wconf 79' lang='lat' dir='ltr'>propria</span> <span class='ocrx_word' id='word_1_288' title='bbox 1088 3815 1209 3885; x_wconf 87' lang='lat' dir='ltr'>esseut,</span> <span class='ocrx_word' id='word_1_289' title='bbox 1232 3805 1322 3874; x_wconf 83' lang='lat' dir='ltr'>deei-</span> 
     </span>
    </p>
   </div>
   <div class='ocr_carea' id='block_1_5' title="bbox 231 3971 508 3990">
    <p class='ocr_par' dir='ltr' id='par_1_5' title="bbox 231 3971 508 3990">
     <span class='ocr_line' id='line_1_35' title="bbox 231 3971 508 3990; baseline -0.011 1"><span class='ocrx_word' id='word_1_290' title='bbox 231 3971 508 3990; x_wconf 52' lang='grc' dir='ltr'>’Ἥ</span> 
     </span>
    </p>
   </div>
   <div class='ocr_carea' id='block_1_6' title="bbox 229 4061 1322 4317">
    <p class='ocr_par' dir='ltr' id='par_1_6' title="bbox 229 4061 1322 4317">
     <span class='ocr_line' id='line_1_36' title="bbox 263 4061 1322 4140; baseline -0.001 -16"><span class='ocrx_word' id='word_1_291' title='bbox 263 4069 292 4136; x_wconf 80' lang='lat' dir='ltr'>d)</span> <span class='ocrx_word' id='word_1_292' title='bbox 327 4065 433 4124; x_wconf 85' lang='lat' dir='ltr'>Scholl.</span> <span class='ocrx_word' id='word_1_293' title='bbox 452 4067 536 4122; x_wconf 88' lang='lat' dir='ltr'>Dion.</span> <span class='ocrx_word' id='word_1_294' title='bbox 554 4071 619 4138; x_wconf 79' lang='lat'>⁷16,</span> <span class='ocrx_word' id='word_1_295' title='bbox 636 4072 655 4126; x_wconf 83' lang='lat'><strong>9</strong></span> <span class='ocrx_word' id='word_1_296' title='bbox 671 4067 704 4125; x_wconf 74' lang='grc' dir='ltr'>αι’</span> <span class='ocrx_word' id='word_1_297' title='bbox 721 4065 741 4138; x_wconf 78' lang='grc' dir='ltr'><strong><em>ἥ</em></strong></span> <span class='ocrx_word' id='word_1_298' title='bbox 745 4089 803 4140; x_wconf 81' lang='grc' dir='ltr'>μιν</span> <span class='ocrx_word' id='word_1_299' title='bbox 821 4061 961 4124; x_wconf 81' lang='grc' dir='ltr'><strong><em>Αἰολοιὸν·</em></strong></span> <span class='ocrx_word' id='word_1_300' title='bbox 977 4063 1066 4122; x_wconf 79' lang='grc' dir='ltr'><strong><em>αἰνων</em></strong></span> <span class='ocrx_word' id='word_1_301' title='bbox 1083 4061 1136 4137; x_wconf 70' lang='lat' dir='ltr'>reip</span> <span class='ocrx_word' id='word_1_302' title='bbox 1151 4061 1226 4121; x_wconf 76' lang='grc' dir='ltr'><strong><em>ἰστιν</em></strong></span> <span class='ocrx_word' id='word_1_303' title='bbox 1242 4061 1258 4120; x_wconf 81' lang='grc' dir='ltr'><strong><em>ὅ</em></strong></span> <span class='ocrx_word' id='word_1_304' title='bbox 1275 4063 1322 4123; x_wconf 70' lang='lat' dir='ltr'>ll·</span> 
     </span>
     <span class='ocr_line' id='line_1_37' title="bbox 229 4149 1320 4228; baseline 0.001 -20"><span class='ocrx_word' id='word_1_305' title='bbox 229 4174 284 4228; x_wconf 74' lang='lat' dir='ltr'>yosv</span> <span class='ocrx_word' id='word_1_306' title='bbox 307 4149 351 4210; x_wconf 77' lang='grc' dir='ltr'>ὅτι</span> <span class='ocrx_word' id='word_1_307' title='bbox 369 4152 398 4210; x_wconf 81' lang='grc' dir='ltr'>οἰ</span> <span class='ocrx_word' id='word_1_308' title='bbox 412 4152 520 4212; x_wconf 70' lang='grc' dir='ltr'><strong><em>Αἰολεῖς</em></strong></span> <span class='ocrx_word' id='word_1_309' title='bbox 536 4151 566 4210; x_wconf 81' lang='grc' dir='ltr'>ἰν</span> <span class='ocrx_word' id='word_1_310' title='bbox 587 4157 649 4212; x_wconf 74' lang='lat' dir='ltr'>tuit</span> <span class='ocrx_word' id='word_1_311' title='bbox 670 4151 751 4212; x_wconf 72' lang='grc' dir='ltr'><strong><em>ἰδίαισ</em></strong></span> <span class='ocrx_word' id='word_1_312' title='bbox 766 4154 850 4222; x_wconf 71' lang='grc' dir='ltr'><strong><em>λέξεαι</em></strong></span> <span class='ocrx_word' id='word_1_313' title='bbox 873 4152 925 4224; x_wconf 70' lang='grc' dir='ltr'>τήν</span> <span class='ocrx_word' id='word_1_314' title='bbox 949 4151 1059 4210; x_wconf 72' lang='lat' dir='ltr'>ducales</span> <span class='ocrx_word' id='word_1_315' title='bbox 1080 4149 1148 4208; x_wconf 74' lang='lat' dir='ltr'>siloas</span> <span class='ocrx_word' id='word_1_316' title='bbox 1168 4149 1320 4224; x_wconf 65' lang='grc' dir='ltr'><strong><em>δγιοοῧσιν.</em></strong></span> 
     </span>
     <span class='ocr_line' id='line_1_38' title="bbox 230 4239 1220 4317; baseline -0.003 -18"><span class='ocrx_word' id='word_1_317' title='bbox 230 4243 276 4300; x_wconf 86' lang='lat' dir='ltr'>De</span> <span class='ocrx_word' id='word_1_318' title='bbox 294 4249 425 4315; x_wconf 83' lang='lat' dir='ltr'>corrupta</span> <span class='ocrx_word' id='word_1_319' title='bbox 442 4257 510 4299; x_wconf 77' lang='lat' dir='ltr'>voce</span> <span class='ocrx_word' id='word_1_320' title='bbox 525 4239 593 4314; x_wconf 73' lang='grc' dir='ltr'>ἥμιν</span> <span class='ocrx_word' id='word_1_321' title='bbox 609 4242 699 4300; x_wconf 70' lang='lat' dir='ltr'>dieii</span> <span class='ocrx_word' id='word_1_322' title='bbox 717 4241 889 4317; x_wconf 84' lang='lat' dir='ltr'>suspiciones</span> <span class='ocrx_word' id='word_1_323' title='bbox 907 4239 1010 4299; x_wconf 83' lang='lat' dir='ltr'>videsis</span> <span class='ocrx_word' id='word_1_324' title='bbox 1026 4259 1055 4315; x_wconf 88' lang='lat' dir='ltr'>p.</span> <span class='ocrx_word' id='word_1_325' title='bbox 1073 4241 1122 4299; x_wconf 79' lang='lat' dir='ltr'>stt</span> <span class='ocrx_word' id='word_1_326' title='bbox 1141 4255 1220 4309; x_wconf 82' lang='lat' dir='ltr'>seqq.</span> 
     </span>
    </p>
   </div>
   <div class='ocr_carea' id='block_1_7' title="bbox 0 0 1377 4794">
    <p class='ocr_par' dir='ltr' id='par_1_7' title="bbox 0 0 1377 4794">
     <span class='ocr_line' id='line_1_39' title="bbox 0 0 1377 4794; baseline 0 0"><span class='ocrx_word' id='word_1_327' title='bbox 0 0 1377 4794; x_wconf 95' lang='lat' dir='ltr'> </span> 
     </span>
    </p>
   </div>
  </div>
 </body>
</html>
