2814 4760
221 323 297 404 tro
464 323 504 418 §.¹
523 319 585 404 49.
639 322 910 404 De-seroriore
934 325 1082 406 Doride.

123 607 125 614 Ι
223 527 417 622 stinguitur.
475 524 569 610 Ques
599 545 667 590 non
697 545 772 592 ease
802 522 912 590 omnia
940 547 959 590 e
982 543 1108 594 somma
1125 525 1334 618 antiquitate

224 631 382 720 religiose
409 636 571 711 serram.
591 625 649 692 vix
676 647 761 716 opus
782 635 870 692 esset
889 625 1085 706 admonere,
1118 627 1186 694 nisi
1212 631 1256 696 C.
1283 631 1329 698 0.

222 735 346 802 llliiller
366 729 558 798 Laconibus
580 727 718 812 eundem
746 727 880 816 liuguae
907 737 1005 818 atque
1026 751 1151 796 morum
1173 741 1210 798 et
1227 729 1330 798 inati-

222 849 368 904 tutornm
388 830 605 900 constantiam
624 830 850 899 vindicaturus
876 830 913 898 iu
944 831 1081 900 distribe
1111 833 1153 900 de
1179 833 1328 903 dialecto

222 937 367 1020 Dorica,
396 957 480 1026 quaa
502 933 685 1002 clarissimo
706 931 746 998 de
767 931 989 1000 Doriensibus
1011 937 1103 1026 operi
1127 937 1239 1006 addita
1261 951 1326 1024 eat,

222 1041 329 1129 ungis
349 1040 503 1116 nriuusre
526 1047 634 1126 aperte
656 1034 896 1126 significasset,
929 1047 966 1102 nt
985 1035 1145 1114 Doridem
1171 1063 1253 1130 prae
1276 1065 1327 1110 re·

221 1145 324 1234 liquis
341 1140 490 1218 dialectis
513 1138 568 1219 (tle
590 1161 656 1228 qua
676 1161 713 1204 re
735 1162 835 1228 supra
855 1138 1033 1224 diximus),
1056 1141 1101 1206 ita
1122 1141 1326 1210 Laconicen

221 1248 369 1336 liugnam
390 1268 470 1334 prae
491 1239 629 1328 reliquis
639 1237 781 1316 Doridis
802 1240 979 1326 generibus
1000 1241 1202 1329 antiquitatis
1223 1245 1325 1312 laude

220 1349 392 1437 insignem
408 1369 494 1415 esse.
539 1341 588 1409 Ar
611 1363 650 1406 ea
656 1363 775 1431 „quse
795 1340 948 1409 Lacones
969 1351 1082 1408 centn
1102 1346 1249 1434 reliquae
1273 1372 1325 1416 ae·

222 1449 362 1520 verioris
382 1447 522 1516 Doridis
544 1465 641 1513 usum
661 1441 840 1532 peculiaria
861 1442 1005 1530 babent,
1028 1445 1324 1536 omiserim-eu

223 1552 330 1645 magia
350 1553 502 1618 minnere
523 1557 688 1632 recentem
715 1568 793 1636 prae
815 1568 853 1617 sc
872 1545 995 1614 ferum.
1046 1549 1195 1638 Apparet
1227 1550 1325 1639 spiri-

223 1669 293 1725 tom
316 1677 468 1746 asperum
490 1677 508 1720 e
531 1651 637 1742 sigma
657 1661 764 1719 ortum
786 1671 882 1730 esse,
914 1667 981 1716 non
1003 1648 1109 1742 sigma
1129 1673 1172 1718 ex
1191 1671 1323 1742 mperes,

223 1771 259 1826 ut
279 1759 316 1826 in
337 1759 460 1836 innisi,
486 1755 624 1841 ὅρμαον,
647 1777 749 1843 quom
771 1752 876 1841 sigma
889 1751 1011 1820 aoriato
1027 1752 1135 1844 primo
1152 1753 1322 1844 propriam

222 1861 285 1946 sit3
317 1870 449 1952 apparet
478 1883 497 1944 p
528 1881 547 1926 e
575 1881 599 1924 u
627 1855 864 1944 degenerasse,
897 1877 981 1948 quae
1009 1855 1143 1924 mutatio
1164 1856 1262 1924 etiam
1282 1857 1322 1924 in

222 1961 342 2030 Latina
362 1961 478 2052 lingon
500 1971 534 2028 et
553 1959 729 2026 vetuscula
750 1969 932 2049 spectetur,
963 1967 1001 2026 nt
1029 1959 1156 2028 arbor
1184 1971 1235 2026 cat
1263 1983 1322 2050 pra

222 2063 407 2154 antiquiore
429 2063 573 2146 arbos,
595 2060 773 2128 Tbentieee
793 2083 876 2128 war
895 2077 956 2150 pro
975 2085 1080 2148 rras3
1101 2061 1322 2130 certissima

224 2177 352 2250 eat„r
379 2187 439 2254 pro
467 2173 494 2228 o
520 2161 712 2252 depravatae
741 2161 922 2231 elocutioni
952 2161 1085 2249 deberi,
1120 2187 1182 2232 uec
1210 2163 1322 2232 minas

223 2268 406 2358 simplicem
428 2287 546 2334 sonum
568 2265 639 2330 det
660 2263 917 2330 semibarbarum
939 2267 974 2330 dd
1003 2265 1169 2332 inlocum
1191 2267 1323 2356 elegan-

222 2371 317 2439 tionis
330 2380 372 2446 [st
393 2369 519 2438 Graeco
541 2367 591 2436 ori
609 2366 736 2458 proprii
757 2371 793 2446 ζ,
829 2366 889 2458 qui
909 2389 928 2436 e
948 2367 970 2434 d
973 2367 990 2454 j
1014 2369 1155 2452 coaluit,
1191 2393 1322 2438 sueces-

223 2473 328 2560 sisaeq
362 2472 403 2538 de
435 2481 557 2538 cante
586 2491 748 2536 consonos
777 2469 904 2558 abjecto
926 2493 994 2537 unu
1015 2471 1172 2561 estquod
1192 2495 1323 2542 monea-

223 2602 309 2648 mus.
344 2574 514 2665 ,Supereu
535 2598 572 2643 oo
593 2595 653 2662 pro
675 2583 815 2664 utroque
836 2599 856 2637 v
875 2572 1039 2662 positum,
1061 2595 1159 2663 quam
1180 2575 1324 2666 scripte-

223 2705 293 2748 κω
313 2703 380 2752 non
401 2675 563 2768 possead
586 2687 713 2766 tempos
739 2675 851 2765 paullo
873 2673 1041 2766 antiquins
1061 2675 1178 2742 reterri
1201 2677 1286 2744 eatis
1305 2703 1324 2744 a

224 2783 325 2850 nobis
346 2782 602 2874 demonstratum
623 2788 676 2844 est
695 2777 737 2844 L.
761 2775 779 2844 1
806 2779 840 2863 ἓ.
861 2779 925 2862 413
958 2801 1095 2863 sonum,
1125 2777 1184 2868 qui
1205 2791 1324 2848 novata

223 2884 282 2951 illa
305 2881 473 2951 scribendi
495 2881 624 2946 ratione
646 2878 856 2969 exprimitur,
885 2903 903 2944 a
924 2879 1060 2958 Boeotis
1079 2891 1113 2946 et
1133 2879 1324 2950 Laconibn

223 3007 265 3052 ex
281 2982 475 3073 antiquitate
495 2993 658 3049 servmum
674 3004 747 3048 esse
766 2980 910 3048 libenter
922 2983 1144 3049 concedimus.
1160 3023 1204 3038 -
1226 2985 1323 3054 Ades

223 3111 297 3154 com
319 3083 429 3176 aliqua
451 3083 522 3152 reri
543 3082 652 3174 speeie
673 3092 762 3150 aetas
777 3086 958 3175 computari
974 3105 1074 3174 posse
1090 3084 1236 3168 ridetur,
1257 3111 1322 3178 qua

222 3187 509 3260 illaemutatinnes
531 3187 618 3280 apud
629 3185 779 3252 Lacones
800 3186 941 3276 primum
960 3186 1172 3254 invaluerint.
1207 3187 1320 3273 Qua·

221 3292 312 3360 enim
331 3289 425 3356 uelle
445 3313 557 3356 mrum
577 3287 620 3357 ad
633 3287 769 3364 colunes
782 3288 983 3358 Tarentinos
1000 3287 1181 3374 curterse,
1203 3314 1319 3360 omues

221 3406 296 3486 post
310 3417 340 3461 a.
352 3393 417 3462 710
437 3393 472 3463 io
494 3408 591 3462 utum
609 3390 740 3460 venisse
761 3391 934 3476 videntur,
957 3402 990 3460 et
1004 3393 1163 3460 maturius
1184 3395 1320 3484 quiden

221 3497 360 3588 reliquia
383 3520 404 3560 σ
425 3519 485 3586 pro
505 3504 550 3574 θ,
565 3511 569 3518 ·
584 3515 651 3584 quo
667 3493 738 3580 jem
759 3495 901 3562 Alcman
921 3517 1004 3562 nsua
1020 3505 1096 3580 est,
1128 3495 1187 3586 qui
1208 3497 1319 3564 llornit

221 3598 308 3666 cirea
318 3598 375 3666 01.
387 3597 536 3664 xxv11.
569 3597 662 3664 Inter
677 3597 869 3665 Alcmanem
892 3607 925 3664 et
937 3595 1193 3686 Aristnpbauem
1212 3598 1320 3688 signa

221 3699 257 3764 in
278 3723 430 3790 asperum
450 3698 567 3766 mutari
588 3709 739 3788 coeptum
761 3721 852 3778 ease,
882 3699 1164 3790 grammaticorum
1185 3723 1319 3792 quoqne

220 3799 416 3868 testimoniis
437 3801 515 3868 l'reti
536 3801 757 3869 demonstrare
785 3799 893 3866 cenati
923 3823 1037 3868 snmus
1066 3806 1098 3886 §-
1119 3802 1160 3882 9,
1182 3803 1217 3870 2.
1264 3803 1321 3870 Ad

220 3903 357 3972 eandem
386 3913 522 3973 aetatem
550 3901 701 3970 retuleris
730 3905 747 3966 d
776 3914 809 3969 et
837 3904 873 3966 δὸ
894 3924 955 3991 pro
976 3907 1014 3988 ζ,
1047 3925 1187 3994 quornm
1215 3905 1320 3996 prima

220 4003 369 4094 exempla
397 4005 484 4095 apud
505 4003 761 4096 Aristophanem
790 4017 868 4072 sunt
895 4011 939 4070 et'
955 4003 1145 4096 Epilpeum.
1201 4005 1319 4074 Paullo

219 4106 397 4177 recentiori
418 4106 515 4174 aetati
535 4107 712 4175 tribuimus
736 4132 756 4173 c
776 4107 812 4172 iu
834 4131 853 4193 p
875 4115 1055 4191 mutatum,
1087 4107 1183 4196 eujus
1214 4131 1318 4198 quur

220 4211 307 4303 apud
335 4209 591 4303 Aristopbtnem
622 4209 758 4278 unicum
797 4209 982 4302 exemplum
1018 4208 1136 4294 austu
1175 4207 1318 4302 legatur,
