2814 4760
217 335 294 414 los
472 333 507 428 §.
533 333 593 414 ts.
646 333 703 410 Do
729 331 879 408 mitiore
904 333 1056 411 Dorida.

217 555 255 610 nt
275 547 386 620 notrici
406 563 466 632 pro
488 543 642 620 ποιῆσαι,
680 563 746 632 qna
766 525 944 606 mutatione
965 551 1131 632 praeterea
1151 543 1327 612 mantio·

216 671 270 714 res
289 647 459 728 Lacones,
488 640 677 734 Pamphylii
706 652 740 708 ct
760 651 851 708 e‘xtra
871 639 1031 710 Doridem
1052 643 1266 714 Eretrienses
1290 659 1326 714 et

218 747 337 838 Oropii
358 746 412 813 usi
435 756 513 812 sunt
531 746 601 812 vid.
619 748 650 830 ξ.
666 746 699 812 9.
744 745 918 811 Praeterea
934 743 1055 834 Argivi
1075 745 1161 812 inter
1182 749 1322 816 vocales

217 849 358 918 subinde
386 856 408 932 β
434 872 496 939 pro
526 847 688 938 digamma
710 847 865 938 posuisse
886 845 1039 913 ridentur
1058 871 1133 914 eum
1156 849 1322 918 Cretibus

217 964 250 1018 et
270 949 407 1041 Argivis
428 961 465 1016 ut
487 949 571 1035 ὥβεα
591 973 651 1040 pro
674 949 755 1028 oisc,
780 948 828 1013 oid
848 947 917 1016 vid.
940 949 973 1032 §-
997 951 1038 1034 5,
1060 951 1100 1035 9,
1123 975 1222 1040 quam
1244 977 1319 1020 ms·

216 1054 381 1120 tationem
394 1075 509 1120 recens
526 1053 627 1120 Doris
648 1051 793 1118 severior
812 1051 910 1118 etiam
931 1051 973 1116 ad
995 1051 1228 1120 vocabulorum
1250 1055 1319 1122 ini·

216 1157 298 1223 tium
320 1155 507 1222 adhibebat.
537 1191 580 1204 ··-
621 1153 864 1244 Pamphylii
892 1153 994 1242 igitur
1023 1165 1057 1220 et
1077 1177 1231 1244 asperum
1252 1181 1317 1250 pre

219 1285 258 1339 n,
282 1271 315 1326 et
331 1257 357 1344 ’β
375 1282 435 1354 pro
457 1257 620 1349 digamma
641 1251 717 1341 (nec
740 1257 836 1345 plura
857 1255 898 1322 de
914 1279 1026 1322 eorum
1047 1256 1162 1345 lingua
1180 1261 1317 1350 cognita

215 1362 388 1444 hahemus)
417 1385 492 1450 cum
521 1357 659 1450 Argivis
689 1357 874 1426 communia
902 1358 1032 1423 babent.
1078 1357 1189 1442 Quare
1217 1363 1318 1429 dulii-

216 1475 323 1531 tautcr
344 1487 400 1530 eos
423 1462 582 1529 hocloco
605 1459 950 1544 commemoravimus,
974 1483 1161 1554 quamnam
1182 1464 1316 1534 mitiore

216 1565 342 1634 Doride
364 1589 443 1633 usos
464 1589 539 1634 esse
560 1562 709 1629 affirmari
731 1586 797 1630 nou
819 1573 938 1653 potest.

301 1670 344 1754 4)Ι
381 1665 754 1759 septentrionalis
785 1663 888 1735 Doris
927 1685 965 1732 ca
999 1663 1140 1733 mitioris
1177 1672 1315 1758 generis

202 1771 348 1866 ¹species
370 1769 529 1861 appellari
550 1777 679 1858 potest,
702 1793 785 1858 qnae
807 1768 843 1833 in
858 1767 1082 1834 Phocensium
1103 1773 1314 1840 etreeentio-

216 1900 289 1943 rum
311 1873 536 1962 Delphorum,
559 1862 761 1956 Locrorum,
784 1871 996 1958 Aetolorum,
1016 1881 1181 1961 postrem
1201 1873 1315 1942 'lban-

217 1975 440 2058 mascusium,
475 1973 533 2063 qni
561 1983 611 2040 est
633 1971 834 2038 Phthiotidis
856 1971 1019 2066 populus,
1050 1972 1159 2043 titulis
1182 1980 1315 2069 conspi-

218 2081 316 2146 citur.
360 2080 394 2144 A
420 2073 550 2164 vulgari
576 2073 702 2139 Doride
731 2093 798 2140 non
828 2073 993 2165 discrepat
1020 2087 1246 2168 praeterquam
1273 2081 1313 2148 in

216 2177 470 2269 praepositionis
490 2172 524 2238 ’ἐν
544 2199 604 2264 pro
628 2176 671 2250 εἰς
691 2197 776 2258 usu,
812 2177 870 2265 qui
891 2176 1025 2246 Boeotis
1051 2182 1232 2246 communis
1258 2195 1313 2251 est

217 2281 285 2352 rid.
309 2279 341 2363 ξ.
363 2279 426 2364 43,
449 2277 492 2360 6,
514 2275 634 2343 dativis
653 2275 768 2342 tertiae
789 2277 1019 2346 declinationis
1042 2280 1183 2348 subinde
1204 2283 1240 2350 iu
1262 2311 1315 2362 osc

217 2381 416 2450 exeuntibus
437 2391 476 2447 ut
498 2376 628 2468 draicote
649 2377 680 2462 ἕ.
706 2376 769 2461 3⁰,
790 2378 810 2446 3
832 2389 865 2444 et
885 2380 960 2448 aliis
983 2380 1198 2472 quibusdam,
1228 2411 1314 2477 quae

219 2483 462 2574 composuimus
486 2481 568 2550 L.l
599 2485 631 2567 §-
656 2481 719 2566 54,
742 2480 773 2547 3.
819 2479 935 2565 Addo,
970 2484 1059 2574 quod
1086 2487 1250 2556 vocalium
1279 2513 1313 2557 aa

218 2599 252 2655 et
274 2613 313 2654 eu
336 2584 514 2654 contractio
536 2585 639 2650 mnlto
661 2583 757 2649 ctiam
780 2582 888 2650 miuus
911 2609 1009 2676 qnam
1034 2585 1069 2652 in
1091 2589 1223 2679 vulgari
1243 2591 1313 2660 Du·

217 2691 291 2759 ridc
312 2689 494 2756 admittitur
515 2690 546 2770 §.
570 2686 633 2768 26,
655 2687 688 2752 4.
711 2683 742 2751 5.
760 2686 792 2754 6.
846 2687 969 2754 Gentes
997 2689 1072 2756 illas
1095 2714 1162 2756 nou
1183 2705 1272 2759 reete
1293 2719 1313 2761 a

218 2792 381 2860 Strabone
413 2791 454 2857 ad
494 2787 665 2856 Aeolicam
701 2789 844 2879 stirpem¹
867 2789 983 2857 referri
1017 2789 1190 2861 docuimus
1222 2795 1266 2860 Ι..
1293 2795 1313 2863 1

217 2895 250 2977 ἕ.
276 2893 378 2976 1,1‚
416 2913 527 2982 neque
556 2891 691 2957 meliore
717 2890 795 2977 jure
827 2913 939 2957 eorum
971 2891 1128 2962 dialectos
1154 2897 1312 2964 Aeolicus

216 2991 331 3060 haberi
354 3004 386 3060 et
408 3017 425 3057 e
447 2993 489 3058 L.
513 2992 530 3056 1
556 2989 589 3075 §.
613 2991 655 3056 54
682 3003 715 3058 et
737 3017 776 3058 ex
798 2995 859 3059 hoc
881 2994 1026 3062 secundo
1046 2996 1132 3063 libro
1154 3000 1234 3065 satia
1257 3023 1311 3066 au·

217 3119 341 3187 perque
371 3103 515 3184 apparet.
570 3092 699 3178 Quodsi
720 3094 795 3184 qnis
817 3095 971 3164 Doricam
995 3097 1170 3166 dialectum
1196 3123 1310 3168 recen·

145 3241 151 3260 .
216 3198 301 3266 tiore
330 3197 459 3265 demum
486 3207 632 3286 tempore
663 3195 698 3260 iu
728 3221 784 3264 eaa
811 3198 964 3290 regiones
993 3199 1116 3267 illatam
1145 3202 1310 3272 existimet

219 3301 489 3393 quemadmodum
521 3298 557 3364 in
587 3297 779 3384 Arcadiam,
812 3301 843 3367 ci
873 3323 939 3367 nou
969 3303 1077 3370 solum
1105 3303 1307 3394 adversatur,

217 3405 306 3495 quod
328 3403 510 3471 Dorienses
540 3401 594 3468 vel
616 3401 755 3468 coloniis
784 3403 838 3468 rel
865 3403 1002 3494 imperio
1031 3405 1084 3474 vel
1114 3409 1308 3476 commercio

216 3531 330 3598 parum
362 3505 409 3572 ibi
435 3504 606 3588 valebant,
641 3503 700 3570 sed
728 3505 824 3570 etiam
851 3506 941 3594 quod
961 3507 1045 3574 levia
1068 3509 1226 3599 quaedam
1251 3510 1308 3580 sed

218 3609 400 3675 constantia
423 3606 612 3675 discrimina
633 3606 719 3672 inter
740 3605 1027 3698 septentrionalem
1056 3609 1147 3676 illam
1176 3623 1210 3677 et
1233 3611 1308 3680 reli·

218 3721 315 3799 quam
337 3709 496 3776 Doridem
518 3709 736 3775 intercedunt.
791 3707 859 3776 Cur
889 3709 978 3778 euim
998 3711 1110 3778 Aetoli
1133 3723 1167 3778 et
1187 3715 1308 3806 reliqui

217 3821 295 3901 post
314 3811 474 3878 Doridem
495 3821 657 3900 receptam
677 3811 885 3900 pertinaciter
906 3814 938 3878 ἐν
958 3837 1019 3902 pro
1042 3815 1086 3889 sic
1105 3814 1307 3884 retinerent?

218 3912 333 4002 ltaque
360 3911 417 3976 vix
444 3935 619 4002 possumus
644 3917 726 4002 quin
754 3924 868 4001 gentes
896 3914 972 3982 illas
1000 3915 1041 3981 ab
1070 3916 1309 4007 antiquissimis

218 4011 421 4103 temporibus
443 4013 565 4081 Dorice
586 4015 713 4082 locutas
733 4037 806 4081 esse
828 4017 1056 4085 existimemus
1082 4029 1157 4103 aut,
1194 4031 1231 4086 ut
1258 4043 1308 4088 ac·

219 4115 363 4182 curatius
382 4114 575 4206 loquamur,
598 4139 635 4182 ea
657 4115 796 4184 dialecto
817 4141 894 4184 naas
917 4141 1011 4204 esse,
1034 4143 1118 4210 quae
1134 4121 1307 4190 aDoriea·

220 4217 311 4286 sibus
341 4219 376 4284 in
409 4219 491 4286 alias
516 4229 618 4286 terras
649 4230 824 4310 propagata
850 4219 993 4290 Doricae
1021 4243 1142 4290 nomeu
1170 4225 1306 4314 accepit.
