2866 4766
280 355 390 448 Ml.
427 361 484 436 De
498 358 682 438 adverbiis
705 363 777 439 loci
797 377 833 438 et
849 368 1036 464 temporis.
1130 367 1207 448 369

13 583 14 610 t
109 560 206 646 Quae
228 559 377 628 delinitio
398 585 496 652 quam
526 563 570 630 sit
592 563 628 630 in
646 565 780 632 Derieis
809 577 897 635 certe
923 568 1095 659 particulis
1116 597 1203 654 vcra,

13 659 15 718 l
107 687 187 730 mox
215 661 413 731 videbimus.
467 665 639 734 Praeterea
669 665 792 734 Dorica
824 669 978 738 adverbia
1010 672 1046 738 iu
1080 700 1101 756 α
1130 699 1205 744 cum

106 764 303 855 vulgaribus
330 766 365 832 in
393 793 412 856 ῃ
443 791 514 834 eam
544 768 818 858 significationem
847 793 1051 842 communem
1072 777 1205 864 babent,

106 877 147 932 ut
169 866 253 934 nibil
273 867 344 934 lere
364 867 405 934 ab
427 869 591 936 adverbiis
618 871 654 938 in
687 898 729 948 ως
751 871 881 940 diversa
903 873 1062 944 rationem
1084 889 1117 946 et
1137 903 1205 946 mo·

13 991 15 1022 r
107 968 191 1036 dnm
211 979 342 1056 uoteut3
379 971 483 1038 multo
505 983 612 1038 tamen
634 972 721 1064 apud
741 972 923 1040 Dorienses
945 999 1019 1042 eum
1042 1003 1138 1047 usum
1160 983 1205 1049 la·

13 1109 15 1132 .
106 1071 176 1138 tius
197 1083 308 1162 patere
332 1071 640 1140 demonstrabimus.

193 1175 293 1240 Aliae
322 1173 544 1242 dubitationes
571 1177 687 1244 borum
719 1177 948 1246 adverbiorum
976 1182 1112 1250 formam
1133 1197 1206 1252 tau-

111 1287 206 1366 gunt.
251 1276 400 1342 Primum
420 1277 619 1368 Apollonius
642 1279 753 1346 etalii
774 1280 938 1350 adverbiis
960 1283 996 1348 in
1020 1311 1040 1348 α
1061 1285 1127 1352 iota
1148 1289 1207 1354 ad·
1319 1339 1358 1366 a,

13 1405 16 1436 r
110 1378 214 1444 scribi
242 1378 361 1446 docent
375 1381 425 1464 ⁸)3
463 1381 552 1468 qnod
581 1403 682 1470 quum
703 1380 740 1446 in
762 1382 931 1450 codicibus
952 1395 986 1451 et
1007 1386 1208 1458 editionibus

112 1479 306 1569 saepissime
337 1481 546 1572 negligatur,
582 1483 617 1548 in
648 1483 755 1552 titulis
776 1484 911 1552 llos-icis
933 1486 1056 1580 ubique
1077 1513 1206 1558 accura-

13 1607 15 1646 ε
109 1583 239 1649 tissime
270 1596 429 1651 servatur.
483 1582 601 1675 Neque
628 1585 715 1670 iota,
748 1585 784 1652 iu
811 1601 903 1677 parte
932 1589 1047 1656 saltem
1075 1591 1207 1660 illorum

13 1715 15 1768 p
108 1685 359 1766 adverbiorum,
397 1687 681 1778 grammaticorum
712 1688 894 1780 praeceptis
928 1689 1064 1776 deberi,
1099 1695 1157 1760 sed
1189 1721 1207 1763 e

13 1825 14 1836 α
108 1811 237 1856 summa
258 1787 452 1878 antiquitate
474 1800 747 1878 acceptemus,
769 1813 834 1857 vox
854 1793 953 1878 χαμαί
972 1794 1086 1879 docet,
1109 1821 1205 1888 quam

13 1945 14 1954 ,
109 1915 187 1958 cum
209 1890 278 1958 illis
301 1889 568 1979 cognatissimain
589 1915 665 1960 esse
686 1904 829 1983 apparet.
865 1891 1022 1960 Ultimam
1044 1895 1079 1962 in
1094 1905 1205 1980 πανιᾷ,

111 1993 209 2076 dud,
237 1994 301 2073 ὁπᾷ
329 2016 348 2057 a
369 1989 589 2060 Doriensibus
617 1993 858 2061 circumflexam
880 2017 955 2062 essa
975 2019 1074 2088 supra
1095 1999 1207 2066 docui·

13 2125 14 2164 r
109 2121 184 2164 mus
206 2095 239 2180 ἓ.
264 2095 305 2180 3,
327 2093 378 2162 10.
424 2095 648 2186 Lysistratae‚
670 2097 809 2172 Pindari
831 2107 864 2164 et
884 2097 1054 2164 Theocriti
1076 2101 1207 2168 codices

108 2197 266 2266 Doricam
293 2196 426 2264 tonosin
456 2221 585 2266 servare
614 2199 722 2268 solent
752 2199 787 2266 in
816 2201 935 2281 παπᾷ,
970 2199 1146 2294 negligunt
1172 2203 1208 2268 in

13 2345 14 2368 r
108 2299 262 2390 reliquis.

195 2400 269 2468 Jam
290 2401 428 2468 istorum
450 2401 678 2470 adverbiorum
700 2402 736 2467 in
758 2400 865 2468 titulis
886 2403 966 2468 baec
989 2405 1135 2494 exempla
1158 2431 1207 2472 re·

109 2503 303 2597 pcrlnnturr
337 2503 471 2570 Heracl-
502 2505 539 2589 l,
562 2507 605 2572 93
632 2506 850 2570 πεντεκαίδεκα
870 2505 976 2570 ποδοῖν
997 2510 1099 2586 παντᾷ
1126 2506 1149 2572 i.
1174 2531 1204 2572 e.

111 2629 456 2698 quoquoversus,
495 2607 531 2684 1,
561 2607 603 2674 93
636 2601 761 2693 (ὄρσε)
792 2605 920 2692 τέτορας
950 2603 1121 2691 ἀπέχοντας
1150 2605 1206 2671 ἀπ’

113 2707 250 2774 diluitur
272 2706 294 2790 ᾇ
314 2711 369 2790 μὲν
390 2705 557 2792 operirem
578 2707 697 2786 πόδας,
722 2705 742 2789 ᾇ
766 2709 799 2772 di
812 2709 921 2772 Ρίκατι
944 2706 969 2773 i.
983 2731 1012 2774 e.
1036 2707 1079 2774 in
1101 2709 1209 2776 altc-

112 2835 196 2878 ram
217 2821 376 2900 partem
398 2847 439 2860 ·-—
462 2810 497 2874 in
520 2810 712 2896 alteram3
736 2808 871 2897 Corcpr.
890 2809 973 2877 1997
992 2809 1028 2875 in
1046 2813 1206 2902 epigram·

109 2924 198 2981 mate
220 2911 354 2978 metrico
374 2910 493 2977 mixtae
516 2911 648 2980 dialecti
672 2910 756 2994 ᾇμέν
776 2951 818 2962 -
840 2909 910 2993 ᾇδέ
928 2911 1085 2979 translato
1107 2937 1208 2979 seusu

111 3039 192 3107 qna
214 3038 376 3104 -qna,
400 3017 562 3082 einerseits
582 3055 625 3066 -
645 3015 841 3091 audereeits5
866 3011 1002 3104 Corcyr.
1029 3014 1208 3100 1845,128

112 3120 143 3183 si
172 3116 209 3180 δέ
232 3141 280 3191 τις
308 3115 525 3201 προστατῆσαι
555 3119 599 3192 ric
625 3117 697 3184 ἄλλο
723 3143 753 3182 τι
783 3121 1047 3202 καταχρησθῆμεν
1068 3117 1090 3194 ἤ
1111 3143 1207 3180 κατα-

111 3215 266 3307 χρήσαασ
293 3214 369 3300 sitiri
388 3243 451 3300 σᾳ,
477 3217 536 3284 nbi
557 3216 634 3300 ἀλλᾷ
654 3242 701 3303 πᾳ
719 3227 880 3309 potestate
902 3217 988 3284 nibil
1009 3219 1079 3286 lere
1100 3217 1209 3283 dill'ert

112 3319 156 3387 ab
186 3321 230 3394 sic
254 3317 326 3384 ἄλλα
348 3347 378 3385 rs
405 3331 461 3386 aut
486 3321 528 3386 ab
559 3320 657 3398 ἄλλως
684 3347 771 3406 urm
802 3321 922 3409 Astyp.
945 3319 1029 3386 2183
1058 3317 1208 3400 ἀνάθημα

115 3421 269 3504 ἀναθέμεν
291 3423 355 3502 6πᾷ
382 3448 423 3486 αα
450 3421 549 3511 χρῄζῃ
576 3427 633 3498 ταῖς
663 3421 780 3508 α’γσρᾶς
814 3419 864 3508 (in
887 3419 1080 3508 Corcyraeis
1101 3419 1208 3486 titulis

114 3547 214 3614 supra
235 3547 285 3588 nr.
310 3525 328 3590 1
352 3525 424 3589 6σεῖ
442 3523 482 3589 ad
505 3524 704 3591 simillimam
726 3525 899 3591 formulam
922 3521 1104 3588 adhibitum
1125 3521 1208 3586 vidi·

112 3627 224 3711 mus)3
251 3623 341 3691 Cret.
364 3627 471 3710 2554,
493 3627 535 3693 75
555 3625 617 3702 eric
636 3631 733 3709 ταυτᾷ
752 3626 855 3710 νόμως
875 3625 993 3715 leges
1015 3625 1092 3689 lrnc
1114 3646 1207 3714 spe-

114 3739 307 3810 ctantes,
340 3725 463 3794 ibidem
490 3728 527 3794 in
556 3729 669 3796 linium
698 3727 919 3819 descriptione
946 3727 971 3794 l.
997 3725 1060 3793 119
1092 3727 1124 3802 ἐς
1151 3723 1208 3790 τᾶν

120 3879 381 3895 m*—

150 3989 179 4057 8)
215 3987 312 4057 Apoll.
325 3987 361 4039 de
373 3985 436 4039 adv.
457 3985 518 4046 625,
539 3989 562 4040 l.
597 3989 630 4058 τῇ
649 3985 691 4038 ausi
708 3987 848 4044 πευσσιαῶς
865 3983 896 4038 cd
914 3987 952 4058 πῇ
971 3985 1014 4036 sui
1031 3981 1116 4064 iered
1134 3980 1209 4052 dopr-

116 4077 218 4134 mdair
233 4071 302 4148 ὅπῃ,
327 4076 532 4146 προστιθεμένου
549 4075 597 4126 τσῦ
615 4075 643 4132 ἶ,
669 4071 759 4128 udaie
775 4069 851 4141 ααὶιῆ
870 4073 1014 4143 παράδοσις
1032 4067 1159 4134 ὁμολογεῖ.
1177 4095 1209 4107 -

115 4163 332 4218 Choeroboscns
350 4160 379 4214 iu
398 4159 445 4214 m.
464 4160 504 4212 bl.
525 4163 568 4224 78,
586 4161 620 4212 28
639 4159 696 4214 iota
715 4157 814 4214 instrui
830 4160 909 4227 jubet
926 4157 1008 4233 ἄλλῃ,
1026 4155 1129 4230 πάντῃ,
1148 4174 1210 4226 κρυ-

115 4253 166 4324 φῇ,
183 4250 300 4322 σπουδῇ,
319 4246 386 4321 εἰκῇ,
405 4241 472 4320 ὅσῃ,
491 4249 538 4320 σῇ.

154 4361 200 4429 11.
970 4359 1012 4425 24
