2778 4748
227 355 304 436 tlt
494 437 502 454 ἱ
526 342 697 421 Addende
723 355 760 414 et
781 335 1016 438 Corrigenda.

233 563 374 643 σημαίνει
394 553 429 622 td
453 554 500 619 ciel
522 552 567 616 ὅν.
611 551 658 612 dei
678 547 712 611 δὲ
731 545 891 630 γινώσκειν
911 543 960 608 ὅτι
980 543 1035 604 nni
1055 536 1092 604 ed
1117 534 1342 618 ἄιιπάρθυος

232 661 285 729 διὰ
313 665 368 740 τῆς
397 663 427 722 εἰ
456 653 628 738 διφθόγγου
656 649 810 734 γράφεται
841 647 974 721 κοινοῖς,
1020 643 1191 715 Αἰολικιιῑς
1222 641 1261 702 dd
1292 635 1341 700 aa·

232 769 287 832 τοῦ
307 771 332 826 ῐ.
399 759 514 825 Ριίοιι
538 777 650 822 eornm
672 771 768 818 cansa
791 743 1050 838 adscripsimus,
1087 739 1242 833 quaein
1269 751 1341 804 neta
1368 785 1369 792 1

233 892 273 934 ex
296 860 535 952 Etpmologieis
557 858 666 923 minus
688 855 786 945 plena
814 853 855 918 de
877 849 967 916 vocis
999 846 1048 911 dal
1068 843 1280 936 compositis
1302 843 1341 908 el·

233 973 296 1037 leta
325 975 413 1032 sunt.
481 961 634 1028 Ceterum
658 957 785 1024 Censor
806 949 951 1018 Dnrmst.
974 948 1070 1016 valde
1093 946 1257 1028 dulsitat,
1305 967 1340 1008 u

234 1071 356 1136 Aeolus
379 1091 445 1133 non
460 1087 537 1134 vere
559 1060 710 1128 noverint
731 1066 870 1148 quatuor
891 1053 991 1140 lrnjus
1014 1049 1166 1118 adverbii
1192 1049 1339 1114 tumus

236 1171 298 1249 clt',
331 1169 412 1248 elit,
449 1167 505 1250 dt’,
539 1166 599 1230 di'r.
644 1161 720 1228 Non
743 1159 871 1250 aperuit
892 1167 1021 1232 umen,
1051 1175 1113 1219 cnr
1133 1150 1338 1242 optinum

235 1271 515 1366 grammaticorum
536 1261 731 1334 testimoniis
759 1261 858 1328 fldem
886 1259 1005 1326 lrabere
1032 1255 1202 1336 noluerit,
1249 1273 1338 1342 pree·

144 1435 148 1442 .
235 1377 347 1444 sertim
370 1395 471 1464 quum
492 1370 576 1456 nihil
597 1365 849 1444 convenientius
872 1363 933 1440 sit,
957 1381 1055 1452 qnam
1076 1367 1113 1422 nt
1134 1381 1147 1420 ι
1169 1354 1338 1422 Lesbiae·

235 1499 325 1545 more
345 1476 442 1544 modo
464 1475 617 1562 ejiciatur
638 1469 735 1537 modo
756 1476 923 1542 teneatur,
955 1489 972 1527 ν
1000 1464 1051 1542 ἐφ.
1074 1458 1176 1526 modo
1200 1455 1338 1524 addat!

236 1580 333 1648 modo
354 1577 451 1645 absit.

321 1683 417 1771 Peg.
443 1678 506 1746 160
536 1690 616 1744 not.
662 1671 758 1739 Adde
781 1669 932 1738 Ensmtlr.
958 1668 1061 1750 1214,
1082 1665 1125 1733 27
1156 1668 1190 1728 ol
1216 1660 1336 1732 Alataie

238 1789 270 1851 ἰιι
300 1781 503 1871 πρωτοτόκου
532 1779 746 1858 πληθυντικῆς
773 1775 896 1856 γενικῆς
923 1774 1055 1837 ποιοῦσι
1080 1766 1207 1842 τύπους
1241 1787 1336 1840 nen·

238 1887 335 1966 node,
367 1887 434 1952 οἷον
454 1889 559 1968 ἕτερος
580 1882 690 1964 ἑτέρων
713 1875 894 1959 ἱτιρῶνιος·
929 1875 1019 1948 ἄλλος
1039 1871 1140 1936 ἄλλων
1164 1865 1334 1940 diluisset·

237 1988 352 2071 ἐτύμων
374 1985 555 2069 drupoirsoc·
580 1982 698 2064 ἀνέμων
719 1978 888 2060 despuimus
910 1982 963 2042 sul
983 1973 1203 2056 ds’edpuelnv
1227 1967 1335 2052 (ἔνεμ’-

238 2099 321 2164 λιος.
359 2088 439 2154 οὕτω
461 2091 514 2152 καὶ
531 2086 659 2150 ‘Ellam
677 2083 815 2146 ‘Biennio
832 2079 1030 2154 Ἑλικώνιαι.

321 2189 353 2272 ᾗ.
378 2189 437 2254 32.
483 2187 674 2253 Praeclarae
695 2183 924 2248 Boeotiearnm
947 2175 1207 2266 inscriptionum
1229 2173 1336 2263 enp'm

238 2299 449 2358 secesserunt
469 2290 554 2353 haee

325 2387 603 2458 Orchomenii
639 2384 749 2464 tituli,
793 2405 883 2451 unus
917 2385 952 2450 in
982 2381 1097 2450 Leelrii
1125 2378 1258 2445 Itinere
1288 2397 1337 2466 per

241 2495 411 2564 Graeciam
435 2489 720 2581 septentrionalem
742 2487 820 2554 Vol.
842 2487 875 2552 ll
898 2511 948 2552 nr.
963 2483 1024 2567 37,
1057 2483 1156 2571 cnjus
1178 2503 1262 2572 para
1283 2501 1337 2545 na·

242 2591 838 2684 diajanseditaeratCorp.1nscr.
869 2609 920 2654 nr.
946 2588 1046 2673 15733
1081 2587 1148 2652 duo
1171 2585 1216 2650 ab
1242 2584 1338 2650 Em

242 2713 293 2766 sto
316 2698 433 2764 Curtio
456 2695 536 2764 editi
559 2696 595 2762 in
616 2695 704 2762 Mus.
729 2693 837 2760 lllren.
861 2691 948 2759 Nor.
971 2691 1003 2756 ll
1026 2715 1059 2780 p.
1077 2685 1140 2755 186
1161 2711 1240 2778 sqq.
1265 2686 1339 2752 nni

242 2813 274 2867 et
295 2801 501 2888 8‚·qnorum
522 2799 613 2888 prior
634 2795 847 2863 difficillimus
871 2805 940 2862 erat
961 2794 1001 2860 ad
1023 2790 1218 2880 legendnm.

326 2900 624 2966 Lebadeensis
645 2900 777 2964 brevior
796 2911 847 2963 est
868 2897 955 2987 apud
977 2895 1139 2962 Lealinm
1160 2893 1196 2958 ll
1222 2915 1258 2982 p.
1271 2891 1322 2957 ³2.

330 2999 563 3088 Cupensem
591 3001 771 3066 breviorem
802 2999 936 3090 praebet
958 2995 1149 3066 Ulriclrsins
1179 2995 1217 3060 in
1250 2999 1340 3062 ltine·

244 3101 425 3270 rergraeco
454 3099 573 3166 Vol-l
607 3125 640 3190 p.
664 3099 728 3168 203
759 3115 792 3169 et
824 3101 945 3170 ibidem
974 3101 1060 3167 alius
1087 3096 1209 3164 inediti
1246 3119 1341 3188 panca

244 3227 283 3270 ve
324 3227 353 3267 a.

327 3303 563 3371 Thebanum
605 3305 765 3372 ineditum
804 3304 891 3370 inter
921 3301 1081 3370 Boeclalsii
1111 3301 1230 3390 copias
1264 3303 1339 3368 vidi

246 3407 331 3473 llum
354 3407 412 3498 qni
442 3405 477 3472 in
499 3405 600 3497 Corp.
625 3409 730 3472 lusor.
762 3429 814 3472 ur.
838 3407 922 3474 1578
949 3405 1057 3472 editos
1086 3415 1159 3486 est,
1197 3403 1341 3471 Luam

245 3521 278 3575 et
300 3509 550 3576 emendatiorem
575 3519 608 3576 et
629 3509 669 3574 ab
690 3509 786 3576 initio
807 3509 986 3576 auctiorem
1006 3505 1139 3598 repetiit
1158 3503 1194 3570 ll
1217 3529 1276 3572 nr.
1294 3507 1337 3574 li

329 3610 494 3676 Ptoinm
516 3611 649 3678 titulum
670 3609 693 3676 i.
714 3633 744 3678 e.
767 3610 914 3678 muneris
938 3635 957 3676 a
977 3607 1120 3676 concilio
1141 3607 1339 3677 Boeotum

246 3711 396 3801 Apollini
425 3713 523 3780 Ptoio
545 3713 686 3780 dedicati
715 3712 965 3802 inscriptionem
987 3709 1179 3779 Ulriclssins
1210 3713 1237 3778 l.
1264 3713 1338 3803 tp

246 3813 310 3881 217
339 3815 465 3903 publici
489 3816 579 3902 juris
606 3816 710 3898 lecit,
746 3837 812 3906 quo
835 3817 950 3904 jndice
976 3813 1090 3906 paullo
1110 3823 1189 3904 pust
1210 3813 1339 3882 Tadu

246 3924 442 3983 restauratas
465 3915 522 3984 01.
547 3917 632 4002 116,
657 3919 675 3984 1
699 3918 842 4006 scriptus
864 3927 924 3983 est.

329 4015 619 4108 Thespiensis
647 4039 823 4110 paucorum
847 4018 1020 4086 verborum
1042 4015 1226 4085 Praxitelis
1255 4023 1339 4114 operi

243 4115 473 4284 pplelrerrimis
508 4121 615 4188 literis
655 4121 863 4213 subscriptus
900 4121 987 4226 apud
1022 4119 1184 4188 Leelrinm
1218 4121 1255 4188 11
1294 4149 1338 4190 ιιι.
