2866 4766
246 351 277 447 h
303 355 364 434 36.
396 357 454 432 De
474 357 739 462 coujugationis
756 357 898 434 rationu
915 361 1116 437 communi.
1158 357 1235 440 207

143 561 370 643 ἐκλογιζέσθω,
392 561 417 628 1.
431 561 493 630 125
510 563 679 648 κρινέσθω,
705 561 853 630 133135
873 565 1097 641 ἔαθααειζέσθω
1118 569 1235 660 (qun-

140 687 241 752 qucm
263 662 388 730 ibidem
409 666 433 732 1.
456 665 499 734 97
522 664 837 750 ἀπολογιξάσθωσαα)
865 677 899 732 et
919 667 955 732 iu
977 667 1109 735 Hercei.
1133 673 1170 755 1,
1191 671 1235 740 73

140 764 320 831 διιελάσθω.
374 765 479 834 Vides
507 767 591 835 huuc
618 770 755 834 formum
783 791 849 834 uou
879 768 1008 836 differre
1036 795 1111 838 cum
1140 775 1237 842 tersis

139 891 281 960 persons
306 867 479 958 singulari.

225 969 265 1056 h)
309 969 483 1055 Secunde,
527 993 612 1062 quus
642 970 765 1040 formes
797 971 895 1038 efficit
922 995 940 1036 α
969 974 1063 1040 tertis
1095 997 1235 1064 perum

140 1070 234 1138 dccli
263 1095 330 1138 usu
357 1070 525 1157 diverses,
562 1072 597 1138 iu
620 1073 743 1163 Amph.
768 1073 852 1142 1688
880 1075 1026 1140 sussum
1053 1089 1086 1142 et
1107 1079 1234 1160 ἐφαιιεί-

58 1222 66 1252 .
143 1183 250 1252 σθωα,
287 1173 388 1240 Ther.
412 1175 508 1242 2448.
543 1175 614 1257 111,
637 1175 676 1241 31
698 1177 899 1261 σορουέσθωι
927 1177 1000 1259 (sed
1020 1177 1088 1256 111,
1110 1178 1153 1246 26
1173 1203 1233 1245 πο-

140 1271 371 1363 profusurus),
385 1273 475 1342 Cret.
494 1275 579 1342 2554
593 1277 716 1356 ἥσθων,
736 1277 821 1346 2556
833 1277 999 1363 χρήσθων,
1019 1279 1233 1366 στααυέσθωα,

140 1375 364 1456 ποιησάσθων.
408 1377 534 1446 Eadem
556 1389 607 1445 est
626 1379 662 1444 iu
677 1377 945 1464 111σθ.2525,1),
970 1379 1026 1446 uhi
1051 1380 1231 1464 πριάσθαι,

140 1477 343 1558 ἀποδόσθαι,
368 1484 617 1567 αασαχραίσθωα,
638 1481 663 1547 1.
678 1481 732 1550 29.
749 1482 792 1548 70
806 1487 980 1550 πσιαΙσθωα
1002 1480 1129 1570 (contu
1149 1484 1235 1552 122
1273 1557 1278 1566 ,

137 1585 381 1662 ποιείσθωσαν).
427 1583 550 1650 Rarius
571 1581 658 1673 upud
679 1583 910 1652 Archimedem
931 1583 1112 1675 reperitur,
1134 1595 1172 1650 ut
1192 1585 1233 1652 de

138 1683 250 1751 Helie.
274 1709 308 1774 p.
321 1685 385 1753 285
409 1684 528 1772 ὄχθων,
549 1685 661 1775 11286
683 1685 950 1772 ἀναγεγράφθαι,
972 1687 1056 1754 iilud
1078 1689 1118 1754 de
1135 1687 1231 1754 Plau.

138 1785 226 1875 Aeq.
250 1787 283 1851 11
306 1811 338 1876 p.
361 1788 405 1854 46
425 1811 486 1879 pro
509 1787 660 1873 ἄχθασαι
686 1811 704 1853 e
727 1788 896 1854 codicibus
917 1790 986 1854 iere
1008 1789 1161 1856 omuibus
1181 1813 1232 1855 re·

139 1889 341 1956 stitueudum
364 1913 437 1956 esse
459 1889 611 1973 videtur,
647 1889 688 1956 dc
710 1889 851 1956 Cuuuid.
876 1915 909 1980 p.
933 1891 995 1958 363
1016 1915 1077 1981 pro
1101 1891 1191 1978 ἄχθου
1214 1915 1234 1958 e

138 1991 216 2058 Pur.
241 1991 267 2058 C
291 1991 347 2074 (B.
370 1991 415 2057 1).
438 1991 526 2076 Vsu,
550 1991 735 2077 ἄχθοισαν),
758 2015 791 2080 p.
816 1991 879 2058 308
900 2015 960 2082 pru
981 1993 1094 2059 eodem
1116 2018 1134 2059 e
1155 2015 1233 2061 cuu-

131 2093 265 2181 jectum
287 2093 344 2170 (A.
367 2093 453 2160 ch.
478 2091 655 2180 ἄχθωσαν).
699 2093 782 2160 Ncru
805 2093 1038 2162 Archimedem
1060 2095 1151 2182 ἄχθω
1171 2119 1233 2186 pru

137 2196 260 2287 plursli
283 2217 458 2284 usurpasse
479 2219 546 2263 uuu
566 2195 742 2264 credimus.

222 2295 258 2384 e)
302 2297 447 2364 Tertism
479 2298 741 2364 terminationem
769 2295 839 2364 illis
869 2296 1044 2362 admixtum
1065 2297 1230 2366 vidimusr

139 2397 277 2490 Corcyr.
301 2399 405 2484 1845,
426 2399 469 2467 27
491 2399 812 2482 ἀπολογιξάσθωσαα,
843 2397 945 2465 Ther.
967 2399 1064 2468 2448.
1095 2401 1169 2486 111,
1189 2402 1233 2470 26

136 2505 403 2586 ποριυέσθασαα,
425 2500 534 2567 Rhud.
557 2501 655 2584 2525,
679 2501 711 2568 b.
733 2503 778 2568 22
797 2503 1021 2566 ποιείσθωσαν.
1065 2502 1232 2594 Frequen-

138 2604 266 2670 tissime
297 2614 347 2669 est
375 2603 411 2668 iu
439 2601 650 2668 Archimedis
681 2601 797 2667 libris:
843 2601 883 2666 de
916 2601 1012 2668 Pleu.
1036 2603 1123 2693 Acq.
1156 2606 1234 2694 μδ

142 2705 311 2790 ἄχθωσαν,
333 2705 423 2794 p.10
444 2704 697 2790 ἐπεζεύχθωσαν,
720 2703 761 2768 dc
775 2701 854 2768 Hel.
877 2725 910 2791 p.
924 2703 989 2770 226
1010 2703 1230 2788 λελάφθωσαα,

138 2835 175 2902 p.
199 2811 259 2878 221
285 2809 539 2894 σαγαεῖσθωσαι,
569 2831 604 2898 p.
627 2806 688 2874 241
719 2803 978 2886 διαιρήσθωσαν,
1011 2805 1232 2890 ἐκβεβλήσθω-

140 2937 225 2989 σαν,
249 2911 479 2995 γεγράφθωσαα
500 2921 562 2975 etc.

222 3013 347 3080 Herum
368 3011 631 3080 terminetiuuum
653 3007 912 3100 antiquissimum
935 3031 1123 3092 russeum,
1146 3033 1231 3102 quse

138 3117 176 3183 iu
199 3141 225 3179 ω
246 3115 334 3197 exit,
356 3113 540 3180 etLrtiure
561 3113 693 3204 liuguae
708 3111 905 3201 comparatio
928 3109 1050 3178 evincit
1071 3123 1104 3178 et
1125 3113 1231 3203 ipsius

141 3217 286 3284 Grrecre
306 3216 442 3306 liuguse
462 3215 622 3304 cuslugir.
673 3214 806 3304 Ubique
827 3214 915 3281 euim
937 3214 1049 3280 tertiae
1070 3239 1231 3302 personne

138 3319 278 3410 plusculis
306 3319 533 3408 antiquissimu
562 3317 747 3384 terminatio
776 3315 872 3382 litere
901 3343 918 3378 α
945 3314 1067 3380 inserte
1095 3317 1231 3382 stertis

141 3421 306 3514 siugulrri
333 3420 564 3510 distinguitur,
594 3421 629 3486 id
653 3417 740 3509 quod
762 3417 901 3482 maxime
923 3427 1056 3506 apparet
1075 3417 1111 3481 iu
1132 3417 1231 3484 Duri·

140 3525 191 3592 tis
213 3525 316 3602 τίθησι
337 3533 370 3589 et
388 3524 521 3598 τιθέντι,
551 3521 671 3588 deiude
693 3522 728 3586 iu
751 3521 866 3602 λέγεται
886 3529 919 3583 et
942 3519 1095 3600 λέγονται,
1123 3526 1230 3585 ἵστατο

139 3637 174 3694 et
195 3633 317 3691 ἵσταντο
339 3635 402 3694 σία.
456 3624 578 3690 iisdem
606 3623 708 3713 igitur
733 3621 859 3688 rsticue
887 3644 906 3684 e
934 3617 1031 3697 θόιω,
1064 3619 1227 3704 γραψάτω,

139 3730 233 3814 ἐχέτω
253 3738 341 3794 recte
363 3728 447 3793 iectu
476 3737 553 3792 suut
581 3725 696 3801 θόπω,
730 3721 917 3810 resupinus,
950 3719 1080 3805 ἑκόντα,
1113 3733 1146 3786 et
1174 3723 1230 3790 hic

140 3829 273 3922 quidem
295 3853 310 3893 s
330 3839 462 3918 propter
483 3851 623 3918 sequeus
643 3855 661 3892 α
683 3826 718 3892 iu
741 3851 757 3891 ο
780 3835 937 3891 mutemur
957 3833 1027 3902 est,
1058 3821 1134 3889 vide
1163 3823 1230 3890 dis·

139 3931 351 3999 semtiuuem
371 3942 513 3998 uestrum
535 3931 576 3996 de
597 3928 728 4018 conjug.
753 3928 788 3992 iu
808 3951 843 4010 μι
862 3951 897 4015 p.
919 3925 951 3993 8.
996 3923 1049 3992 De
1069 3925 1229 3992 ruomulis

139 4033 256 4100 furuis
276 4031 390 4110 α’όατω,
423 4029 538 4110 ἔσται,
571 4031 678 4096 iducis
698 4029 765 4097 vid.
787 4029 819 4114 §-
842 4027 886 4095 40
906 4036 939 4092 et
957 4025 1012 4092 42.
1056 4025 1094 4091 lu
1118 4027 1228 4113 subje-

139 4135 227 4202 ctive
248 4157 266 4200 e
289 4132 428 4200 διδόσθω
449 4145 483 4199 et
503 4135 659 4219 κρινέσθω
687 4131 830 4223 plurales
860 4130 981 4196 iurmre
1010 4125 1167 4193 θιθόαοθω
1195 4139 1229 4194 ct

141 4234 325 4324 αριιθασθω
354 4235 426 4302 heri
452 4235 632 4322 debebunt,
670 4235 729 4304 sed
756 4263 774 4300 ι
801 4243 1041 4320 rutesequeus
1065 4229 1226 4316 rejecto,
