<?xml version="1.0" encoding="UTF-8"?>
<!DOCTYPE html PUBLIC "-//W3C//DTD XHTML 1.0 Transitional//EN"
    "http://www.w3.org/TR/xhtml1/DTD/xhtml1-transitional.dtd">
<html xmlns="http://www.w3.org/1999/xhtml" xml:lang="en" lang="en">
 <head>
  <title>
</title>
<meta http-equiv="Content-Type" content="text/html;charset=utf-8" />
  <meta name='ocr-system' content='tesseract 3.04.00' />
  <meta name='ocr-capabilities' content='ocr_page ocr_carea ocr_par ocr_line ocrx_word'/>
</head>
<body>
  <div class='ocr_page' id='page_1' title='image "./degraccaelingua01ahregoog_0239.png"; bbox 0 0 2834 4762; ppageno 0'>
   <div class='ocr_carea' id='block_1_1' title="bbox 190 251 1065 384">
    <p class='ocr_par' dir='ltr' id='par_1_1' title="bbox 190 251 1065 384">
     <span class='ocr_line' id='line_1_1' title="bbox 190 251 1065 384; baseline -0.029 0"><span class='ocrx_word' id='word_1_1' title='bbox 190 303 266 384; x_wconf 84' lang='lat' dir='ltr'><strong>us</strong></span> <span class='ocrx_word' id='word_1_2' title='bbox 492 297 550 372; x_wconf 74' lang='lat' dir='ltr'><strong>no</strong></span> <span class='ocrx_word' id='word_1_3' title='bbox 575 293 727 370; x_wconf 68' lang='lat' dir='ltr'><strong>aiace</strong></span> <span class='ocrx_word' id='word_1_4' title='bbox 752 251 964 368; x_wconf 69' lang='lat' dir='ltr'><strong>thomice.</strong></span> <span class='ocrx_word' id='word_1_5' title='bbox 1057 253 1065 273; x_wconf 84' lang='lat'>&#39;</span> 
     </span>
    </p>
   </div>
   <div class='ocr_carea' id='block_1_2' title="bbox 47 485 1410 2740">
    <p class='ocr_par' dir='ltr' id='par_1_2' title="bbox 47 485 1379 794">
     <span class='ocr_line' id='line_1_2' title="bbox 47 485 1379 585; baseline -0.024 0"><span class='ocrx_word' id='word_1_6' title='bbox 47 575 48 585; x_wconf 70' lang='grc'>,</span> <span class='ocrx_word' id='word_1_7' title='bbox 152 513 158 521; x_wconf 87' lang='grc'><strong>’</strong></span> <span class='ocrx_word' id='word_1_8' title='bbox 189 507 378 581; x_wconf 86' lang='lat' dir='ltr'><strong>morrhilcm</strong></span> <span class='ocrx_word' id='word_1_9' title='bbox 415 501 451 570; x_wconf 90' lang='lat' dir='ltr'><strong>ln</strong></span> <span class='ocrx_word' id='word_1_10' title='bbox 480 500 610 568; x_wconf 89' lang='lat' dir='ltr'><strong>modum</strong></span> <span class='ocrx_word' id='word_1_11' title='bbox 640 495 814 564; x_wconf 87' lang='lat' dir='ltr'><strong>Boeoticae</strong></span> <span class='ocrx_word' id='word_1_12' title='bbox 841 490 979 560; x_wconf 84' lang='lat' dir='ltr'><strong>dialecto</strong></span> <span class='ocrx_word' id='word_1_13' title='bbox 1018 488 1171 558; x_wconf 84' lang='lat' dir='ltr'><strong>convenit</strong></span> <span class='ocrx_word' id='word_1_14' title='bbox 1200 511 1275 556; x_wconf 85' lang='lat' dir='ltr'><strong>cum</strong></span> <span class='ocrx_word' id='word_1_15' title='bbox 1375 485 1379 495; x_wconf 86' lang='lat'><em>&#39;</em></span> 
     </span>
     <span class='ocr_line' id='line_1_3' title="bbox 187 591 1275 694; baseline -0.027 -13"><span class='ocrx_word' id='word_1_16' title='bbox 187 609 488 694; x_wconf 75' lang='lat' dir='ltr'><strong>Neo-Graecorum</strong></span> <span class='ocrx_word' id='word_1_17' title='bbox 513 599 794 694; x_wconf 75' lang='lat' dir='ltr'><strong>pronuntiatione,</strong></span> <span class='ocrx_word' id='word_1_18' title='bbox 827 620 911 686; x_wconf 84' lang='lat' dir='ltr'><strong>quac</strong></span> <span class='ocrx_word' id='word_1_19' title='bbox 931 615 1041 683; x_wconf 66' lang='lat' dir='ltr'><strong>,quum</strong></span> <span class='ocrx_word' id='word_1_20' title='bbox 1067 591 1126 658; x_wconf 91' lang='lat' dir='ltr'><strong>illa</strong></span> <span class='ocrx_word' id='word_1_21' title='bbox 1152 599 1184 656; x_wconf 76' lang='grc' dir='ltr'><strong>Ξῖ</strong></span> <span class='ocrx_word' id='word_1_22' title='bbox 1205 591 1275 656; x_wconf 76' lang='lat' dir='ltr'><strong>ini</strong></span> 
     </span>
     <span class='ocr_line' id='line_1_4' title="bbox 190 694 1275 794; baseline -0.024 -11"><span class='ocrx_word' id='word_1_23' title='bbox 190 726 223 784; x_wconf 88' lang='lat' dir='ltr'><strong>et</strong></span> <span class='ocrx_word' id='word_1_24' title='bbox 253 713 285 778; x_wconf 81' lang='grc' dir='ltr'><strong>ἆῖ</strong></span> <span class='ocrx_word' id='word_1_25' title='bbox 316 712 351 778; x_wconf 85' lang='lat' dir='ltr'><strong>in</strong></span> <span class='ocrx_word' id='word_1_26' title='bbox 377 706 399 786; x_wconf 80' lang='grc' dir='ltr'><strong><em>ἧ</em></strong></span> <span class='ocrx_word' id='word_1_27' title='bbox 427 717 545 784; x_wconf 88' lang='lat' dir='ltr'><strong>mutet,</strong></span> <span class='ocrx_word' id='word_1_28' title='bbox 590 703 805 794; x_wconf 72' lang='lat' dir='ltr'><strong>diphthongos</strong></span> <span class='ocrx_word' id='word_1_29' title='bbox 826 721 880 764; x_wconf 85' lang='lat' dir='ltr'><strong>cas</strong></span> <span class='ocrx_word' id='word_1_30' title='bbox 902 696 1014 764; x_wconf 86' lang='lat' dir='ltr'><strong>eodem</strong></span> <span class='ocrx_word' id='word_1_31' title='bbox 1036 717 1115 794; x_wconf 74' lang='lat' dir='ltr'><strong>sono</strong></span> <span class='ocrx_word' id='word_1_32' title='bbox 1139 694 1275 782; x_wconf 76' lang='lat' dir='ltr'><strong>profert,</strong></span> 
     </span>
    </p>

    <p class='ocr_par' dir='ltr' id='par_1_3' title="bbox 79 793 1277 1419">
     <span class='ocr_line' id='line_1_5' title="bbox 79 793 1277 900; baseline -0.024 -12"><span class='ocrx_word' id='word_1_33' title='bbox 79 865 81 870; x_wconf 94' lang='lat'>·</span> <span class='ocrx_word' id='word_1_34' title='bbox 189 815 308 886; x_wconf 80' lang='lat' dir='ltr'><strong>deinde</strong></span> <span class='ocrx_word' id='word_1_35' title='bbox 327 810 368 896; x_wconf 75' lang='grc' dir='ltr'><strong>ᾖ,</strong></span> <span class='ocrx_word' id='word_1_36' title='bbox 401 809 490 900; x_wconf 85' lang='lat' dir='ltr'><strong>qnod</strong></span> <span class='ocrx_word' id='word_1_37' title='bbox 510 805 626 874; x_wconf 81' lang='lat' dir='ltr'><strong>Boeoti</strong></span> <span class='ocrx_word' id='word_1_38' title='bbox 645 799 730 868; x_wconf 67' lang='lat' dir='ltr'><strong>inii</strong></span> <span class='ocrx_word' id='word_1_39' title='bbox 757 810 897 876; x_wconf 81' lang='lat' dir='ltr'><strong>mutant,</strong></span> <span class='ocrx_word' id='word_1_40' title='bbox 931 823 1015 866; x_wconf 77' lang='lat' dir='ltr'><strong>nova</strong></span> <span class='ocrx_word' id='word_1_41' title='bbox 1043 794 1219 862; x_wconf 73' lang='lat' dir='ltr'><strong>rnrrhtioue</strong></span> <span class='ocrx_word' id='word_1_42' title='bbox 1239 793 1277 860; x_wconf 91' lang='lat' dir='ltr'><strong>in</strong></span> 
     </span>
     <span class='ocr_line' id='line_1_6' title="bbox 191 899 1275 996; baseline -0.013 -20"><span class='ocrx_word' id='word_1_43' title='bbox 191 940 307 988; x_wconf 59' lang='lat' dir='ltr'><strong>„onom</strong></span> <span class='ocrx_word' id='word_1_44' title='bbox 335 921 350 974; x_wconf 86' lang='grc' dir='ltr'>ῑ</span> <span class='ocrx_word' id='word_1_45' title='bbox 381 909 494 996; x_wconf 89' lang='lat' dir='ltr'><strong>allicit,</strong></span> <span class='ocrx_word' id='word_1_46' title='bbox 531 905 670 996; x_wconf 88' lang='lat' dir='ltr'><strong>deniqne</strong></span> <span class='ocrx_word' id='word_1_47' title='bbox 698 902 836 971; x_wconf 88' lang='lat' dir='ltr'><strong>eundern</strong></span> <span class='ocrx_word' id='word_1_48' title='bbox 863 900 978 968; x_wconf 80' lang='lat' dir='ltr'><strong>tribuit</strong></span> <span class='ocrx_word' id='word_1_49' title='bbox 998 899 1199 990; x_wconf 74' lang='lat' dir='ltr'><strong>diphthongo</strong></span> <span class='ocrx_word' id='word_1_50' title='bbox 1228 901 1275 979; x_wconf 83' lang='grc' dir='ltr'><strong>ὄῑ,</strong></span> 
     </span>
     <span class='ocr_line' id='line_1_7' title="bbox 189 997 1277 1112; baseline -0.025 -23"><span class='ocrx_word' id='word_1_51' title='bbox 189 1045 272 1112; x_wconf 81' lang='lat' dir='ltr'><strong>qnae</strong></span> <span class='ocrx_word' id='word_1_52' title='bbox 293 1013 426 1084; x_wconf 90' lang='lat' dir='ltr'><strong>Boeotis</strong></span> <span class='ocrx_word' id='word_1_53' title='bbox 446 1011 481 1076; x_wconf 93' lang='lat' dir='ltr'><strong>in</strong></span> <span class='ocrx_word' id='word_1_54' title='bbox 503 1009 643 1076; x_wconf 78' lang='lat' dir='ltr'><strong>similem</strong></span> <span class='ocrx_word' id='word_1_55' title='bbox 664 1030 778 1072; x_wconf 86' lang='lat' dir='ltr'><strong>sonum</strong></span> <span class='ocrx_word' id='word_1_56' title='bbox 810 1003 1044 1070; x_wconf 67' lang='lat' dir='ltr'><strong>dormierat.-</strong></span> <span class='ocrx_word' id='word_1_57' title='bbox 1095 997 1277 1066; x_wconf 84' lang='lat' dir='ltr'><strong>Verissime</strong></span> 
     </span>
     <span class='ocr_line' id='line_1_8' title="bbox 188 1099 1277 1204; baseline -0.025 -14"><span class='ocrx_word' id='word_1_58' title='bbox 188 1118 372 1191; x_wconf 83' lang='lat' dir='ltr'><strong>Boeehhius</strong></span> <span class='ocrx_word' id='word_1_59' title='bbox 409 1140 443 1204; x_wconf 90' lang='lat' dir='ltr'><strong>p.</strong></span> <span class='ocrx_word' id='word_1_60' title='bbox 475 1114 538 1180; x_wconf 85' lang='lat'><strong>718</strong></span> <span class='ocrx_word' id='word_1_61' title='bbox 573 1109 751 1200; x_wconf 74' lang='lat' dir='ltr'><strong>judicarit,</strong></span> <span class='ocrx_word' id='word_1_62' title='bbox 790 1131 831 1172; x_wconf 84' lang='lat' dir='ltr'><strong>ex</strong></span> <span class='ocrx_word' id='word_1_63' title='bbox 859 1107 920 1172; x_wconf 90' lang='lat' dir='ltr'><strong>hae</strong></span> <span class='ocrx_word' id='word_1_64' title='bbox 958 1103 1030 1194; x_wconf 91' lang='lat' dir='ltr'><strong>ipsa</strong></span> <span class='ocrx_word' id='word_1_65' title='bbox 1061 1099 1277 1170; x_wconf 77' lang='lat' dir='ltr'><strong>similitudine</strong></span> 
     </span>
     <span class='ocr_line' id='line_1_9' title="bbox 189 1203 1275 1306; baseline -0.026 -13"><span class='ocrx_word' id='word_1_66' title='bbox 189 1221 362 1294; x_wconf 87' lang='lat' dir='ltr'><strong>Boeoticac</strong></span> <span class='ocrx_word' id='word_1_67' title='bbox 393 1217 568 1306; x_wconf 88' lang='lat' dir='ltr'><strong>scripturae</strong></span> <span class='ocrx_word' id='word_1_68' title='bbox 596 1223 630 1278; x_wconf 91' lang='lat' dir='ltr'><strong>et</strong></span> <span class='ocrx_word' id='word_1_69' title='bbox 648 1208 895 1276; x_wconf 87' lang='lat' dir='ltr'><strong>Neo-Graecae</strong></span> <span class='ocrx_word' id='word_1_70' title='bbox 927 1203 1198 1298; x_wconf 78' lang='lat' dir='ltr'><strong>pronuntiationis</strong></span> <span class='ocrx_word' id='word_1_71' title='bbox 1218 1224 1275 1291; x_wconf 87' lang='lat' dir='ltr'><strong>ap·</strong></span> 
     </span>
     <span class='ocr_line' id='line_1_10' title="bbox 189 1301 1275 1419; baseline -0.025 -25"><span class='ocrx_word' id='word_1_72' title='bbox 189 1347 321 1419; x_wconf 82' lang='lat' dir='ltr'><strong>parere,</strong></span> <span class='ocrx_word' id='word_1_73' title='bbox 369 1343 435 1387; x_wconf 90' lang='lat' dir='ltr'><strong>noa</strong></span> <span class='ocrx_word' id='word_1_74' title='bbox 473 1327 559 1384; x_wconf 89' lang='lat' dir='ltr'><strong>recte</strong></span> <span class='ocrx_word' id='word_1_75' title='bbox 600 1311 737 1402; x_wconf 87' lang='lat' dir='ltr'><strong>reliquis</strong></span> <span class='ocrx_word' id='word_1_76' title='bbox 757 1309 962 1377; x_wconf 73' lang='lat' dir='ltr'><strong>&#39;Graecorum</strong></span> <span class='ocrx_word' id='word_1_77' title='bbox 1001 1303 1147 1384; x_wconf 76' lang='lat' dir='ltr'><strong>dialectis</strong></span> <span class='ocrx_word' id='word_1_78' title='bbox 1182 1301 1275 1368; x_wconf 88' lang='lat' dir='ltr'><strong>Neo·</strong></span> 
     </span>
    </p>

    <p class='ocr_par' dir='ltr' id='par_1_4' title="bbox 100 1404 1410 2131">
     <span class='ocr_line' id='line_1_11' title="bbox 100 1404 1277 1512; baseline -0.025 -12"><span class='ocrx_word' id='word_1_79' title='bbox 100 1446 102 1452; x_wconf 84' lang='grc'><em>’</em></span> <span class='ocrx_word' id='word_1_80' title='bbox 189 1429 346 1498; x_wconf 84' lang='lat' dir='ltr'><strong>Graecam</strong></span> <span class='ocrx_word' id='word_1_81' title='bbox 375 1416 669 1512; x_wconf 72' lang='lat' dir='ltr'><strong>pronuntiationem</strong></span> <span class='ocrx_word' id='word_1_82' title='bbox 697 1412 843 1497; x_wconf 85' lang='lat' dir='ltr'><strong>obtrudi,</strong></span> <span class='ocrx_word' id='word_1_83' title='bbox 873 1409 971 1500; x_wconf 87' lang='lat' dir='ltr'><strong>qnia,</strong></span> <span class='ocrx_word' id='word_1_84' title='bbox 1001 1409 1068 1476; x_wconf 93' lang='lat' dir='ltr'><strong>nisi</strong></span> <span class='ocrx_word' id='word_1_85' title='bbox 1089 1406 1206 1474; x_wconf 82' lang='lat' dir='ltr'><strong>Boeoti</strong></span> <span class='ocrx_word' id='word_1_86' title='bbox 1228 1404 1277 1472; x_wconf 91' lang='lat' dir='ltr'><strong>di·</strong></span> 
     </span>
     <span class='ocr_line' id='line_1_12' title="bbox 189 1507 1277 1612; baseline -0.027 -13"><span class='ocrx_word' id='word_1_87' title='bbox 189 1517 329 1599; x_wconf 57' lang='lat' dir='ltr'><strong>versa&#39;a</strong></span> <span class='ocrx_word' id='word_1_88' title='bbox 347 1521 484 1612; x_wconf 86' lang='lat' dir='ltr'><strong>reliquis</strong></span> <span class='ocrx_word' id='word_1_89' title='bbox 504 1514 767 1610; x_wconf 77' lang='lat' dir='ltr'><strong>pronuntiatione</strong></span> <span class='ocrx_word' id='word_1_90' title='bbox 788 1513 841 1580; x_wconf 88' lang='lat' dir='ltr'><strong>usi</strong></span> <span class='ocrx_word' id='word_1_91' title='bbox 862 1523 992 1590; x_wconf 87' lang='lat' dir='ltr'><strong>essent,</strong></span> <span class='ocrx_word' id='word_1_92' title='bbox 1023 1534 1089 1578; x_wconf 92' lang='lat' dir='ltr'><strong>non</strong></span> <span class='ocrx_word' id='word_1_93' title='bbox 1110 1507 1277 1596; x_wconf 75' lang='lat' dir='ltr'><strong>intellige-</strong></span> 
     </span>
     <span class='ocr_line' id='line_1_13' title="bbox 187 1609 1340 1712; baseline -0.023 -11"><span class='ocrx_word' id='word_1_94' title='bbox 187 1645 297 1710; x_wconf 86' lang='lat' dir='ltr'><strong>retur,</strong></span> <span class='ocrx_word' id='word_1_95' title='bbox 321 1653 389 1694; x_wconf 86' lang='lat' dir='ltr'><strong>cnr</strong></span> <span class='ocrx_word' id='word_1_96' title='bbox 417 1623 608 1712; x_wconf 71' lang='lat' dir='ltr'><strong>scripturam</strong></span> <span class='ocrx_word' id='word_1_97' title='bbox 635 1627 825 1684; x_wconf 86' lang='lat' dir='ltr'><strong>mutassent.</strong></span> <span class='ocrx_word' id='word_1_98' title='bbox 889 1613 951 1680; x_wconf 87' lang='lat' dir='ltr'><strong>Cui</strong></span> <span class='ocrx_word' id='word_1_99' title='bbox 973 1619 1160 1702; x_wconf 76' lang='lat' dir='ltr'><strong>argmnento</strong></span> <span class='ocrx_word' id='word_1_100' title='bbox 1188 1609 1279 1676; x_wconf 87' lang='lat' dir='ltr'><strong>haud</strong></span> <span class='ocrx_word' id='word_1_101' title='bbox 1336 1639 1340 1644; x_wconf 96' lang='lat'>·</span> 
     </span>
     <span class='ocr_line' id='line_1_14' title="bbox 188 1711 1278 1824; baseline -0.021 -21"><span class='ocrx_word' id='word_1_102' title='bbox 188 1738 340 1824; x_wconf 73' lang='lat' dir='ltr'><strong>exignum</strong></span> <span class='ocrx_word' id='word_1_103' title='bbox 372 1738 568 1797; x_wconf 88' lang='lat' dir='ltr'><strong>momentum</strong></span> <span class='ocrx_word' id='word_1_104' title='bbox 597 1717 743 1802; x_wconf 88' lang='lat' dir='ltr'><strong>accedit,</strong></span> <span class='ocrx_word' id='word_1_105' title='bbox 788 1718 818 1784; x_wconf 89' lang='lat' dir='ltr'><strong>si</strong></span> <span class='ocrx_word' id='word_1_106' title='bbox 847 1730 935 1784; x_wconf 90' lang='lat' dir='ltr'><strong>recte</strong></span> <span class='ocrx_word' id='word_1_107' title='bbox 966 1711 1011 1805; x_wconf 58' lang='grc' dir='ltr'><strong>(ᾗ.</strong></span> <span class='ocrx_word' id='word_1_108' title='bbox 1035 1712 1090 1803; x_wconf 79' lang='grc'><strong>41)</strong></span> <span class='ocrx_word' id='word_1_109' title='bbox 1119 1711 1278 1804; x_wconf 78' lang='lat' dir='ltr'><strong>suspicati</strong></span> 
     </span>
     <span class='ocr_line' id='line_1_15' title="bbox 190 1813 1276 1924; baseline -0.026 -18"><span class='ocrx_word' id='word_1_110' title='bbox 190 1861 317 1914; x_wconf 84' lang='lat' dir='ltr'><strong>sumus,</strong></span> <span class='ocrx_word' id='word_1_111' title='bbox 353 1841 484 1924; x_wconf 84' lang='lat' dir='ltr'><strong>propter</strong></span> <span class='ocrx_word' id='word_1_112' title='bbox 505 1827 609 1917; x_wconf 86' lang='lat' dir='ltr'><strong>ipsam</strong></span> <span class='ocrx_word' id='word_1_113' title='bbox 629 1821 803 1890; x_wconf 88' lang='lat' dir='ltr'><strong>Boeoticac</strong></span> <span class='ocrx_word' id='word_1_114' title='bbox 823 1817 1096 1910; x_wconf 90' lang='lat' dir='ltr'><strong>pronuntiationis</strong></span> <span class='ocrx_word' id='word_1_115' title='bbox 1116 1840 1135 1882; x_wconf 94' lang='lat' dir='ltr'><strong>a</strong></span> <span class='ocrx_word' id='word_1_116' title='bbox 1156 1813 1276 1890; x_wconf 82' lang='lat' dir='ltr'><strong>vicinis</strong></span> 
     </span>
     <span class='ocr_line' id='line_1_16' title="bbox 188 1915 1362 2032; baseline -0.022 -26"><span class='ocrx_word' id='word_1_117' title='bbox 188 1937 322 2032; x_wconf 88' lang='lat' dir='ltr'><strong>populis</strong></span> <span class='ocrx_word' id='word_1_118' title='bbox 343 1919 616 2021; x_wconf 85' lang='lat' dir='ltr'><strong>discrepantiam,</strong></span> <span class='ocrx_word' id='word_1_119' title='bbox 639 1923 829 2013; x_wconf 86' lang='lat' dir='ltr'><strong>scripturam</strong></span> <span class='ocrx_word' id='word_1_120' title='bbox 850 1933 996 1992; x_wconf 82' lang='lat' dir='ltr'><strong>novatam</strong></span> <span class='ocrx_word' id='word_1_121' title='bbox 1017 1943 1100 1986; x_wconf 88' lang='lat' dir='ltr'><strong>csse.</strong></span> <span class='ocrx_word' id='word_1_122' title='bbox 1125 1958 1167 1970; x_wconf 94' lang='lat'>-</span> <span class='ocrx_word' id='word_1_123' title='bbox 1210 1915 1276 1984; x_wconf 86' lang='lat' dir='ltr'><strong>Ne·</strong></span> <span class='ocrx_word' id='word_1_124' title='bbox 1358 1935 1362 1944; x_wconf 90' lang='grc'><strong>’</strong></span> 
     </span>
     <span class='ocr_line' id='line_1_17' title="bbox 189 2019 1410 2131; baseline -0.021 -24"><span class='ocrx_word' id='word_1_125' title='bbox 189 2065 253 2131; x_wconf 84' lang='lat' dir='ltr'><strong>quc</strong></span> <span class='ocrx_word' id='word_1_126' title='bbox 283 2049 389 2104; x_wconf 83' lang='lat' dir='ltr'><strong>tamen</strong></span> <span class='ocrx_word' id='word_1_127' title='bbox 422 2030 577 2098; x_wconf 87' lang='lat' dir='ltr'><strong>credihile</strong></span> <span class='ocrx_word' id='word_1_128' title='bbox 609 2039 660 2094; x_wconf 89' lang='lat' dir='ltr'><strong>est</strong></span> <span class='ocrx_word' id='word_1_129' title='bbox 690 2027 731 2092; x_wconf 86' lang='lat' dir='ltr'><strong>ah</strong></span> <span class='ocrx_word' id='word_1_130' title='bbox 761 2025 845 2115; x_wconf 86' lang='lat' dir='ltr'><strong>ipsis</strong></span> <span class='ocrx_word' id='word_1_131' title='bbox 871 2023 1004 2090; x_wconf 89' lang='lat' dir='ltr'><strong>Boeotis</strong></span> <span class='ocrx_word' id='word_1_132' title='bbox 1030 2032 1064 2090; x_wconf 88' lang='lat' dir='ltr'><strong>et</strong></span> <span class='ocrx_word' id='word_1_133' title='bbox 1090 2019 1276 2102; x_wconf 85' lang='lat' dir='ltr'><strong>Thessalis,</strong></span> <span class='ocrx_word' id='word_1_134' title='bbox 1406 2099 1410 2109; x_wconf 27' lang='grc' dir='ltr'>ι</span> 
     </span>
    </p>

    <p class='ocr_par' dir='ltr' id='par_1_5' title="bbox 137 2121 1340 2740">
     <span class='ocr_line' id='line_1_18' title="bbox 137 2121 1278 2234; baseline -0.017 -25"><span class='ocrx_word' id='word_1_135' title='bbox 137 2131 140 2138; x_wconf 52' lang='grc'>’</span> <span class='ocrx_word' id='word_1_136' title='bbox 188 2166 270 2234; x_wconf 86' lang='lat' dir='ltr'><strong>quae</strong></span> <span class='ocrx_word' id='word_1_137' title='bbox 291 2137 448 2205; x_wconf 87' lang='lat' dir='ltr'><strong>nonnulla</strong></span> <span class='ocrx_word' id='word_1_138' title='bbox 470 2131 589 2200; x_wconf 88' lang='lat' dir='ltr'><strong>similia</strong></span> <span class='ocrx_word' id='word_1_139' title='bbox 621 2129 758 2205; x_wconf 84' lang='lat' dir='ltr'><strong>habent,</strong></span> <span class='ocrx_word' id='word_1_140' title='bbox 793 2125 953 2192; x_wconf 86' lang='lat' dir='ltr'><strong>vocalium</strong></span> <span class='ocrx_word' id='word_1_141' title='bbox 981 2121 1278 2216; x_wconf 82' lang='lat' dir='ltr'><strong>pronuntiationem</strong></span> 
     </span>
     <span class='ocr_line' id='line_1_19' title="bbox 188 2229 1337 2317; baseline -0.018 -8"><span class='ocrx_word' id='word_1_142' title='bbox 188 2245 224 2310; x_wconf 91' lang='lat' dir='ltr'><strong>in</strong></span> <span class='ocrx_word' id='word_1_143' title='bbox 256 2237 507 2308; x_wconf 85' lang='lat' dir='ltr'><strong>recentissimam</strong></span> <span class='ocrx_word' id='word_1_144' title='bbox 534 2231 678 2300; x_wconf 89' lang='lat' dir='ltr'><strong>omnium</strong></span> <span class='ocrx_word' id='word_1_145' title='bbox 708 2229 905 2296; x_wconf 86' lang='lat' dir='ltr'><strong>Graecorum</strong></span> <span class='ocrx_word' id='word_1_146' title='bbox 935 2229 1081 2317; x_wconf 72' lang='lat' dir='ltr'><strong>lingnam</strong></span> <span class='ocrx_word' id='word_1_147' title='bbox 1119 2237 1277 2292; x_wconf 88' lang='lat' dir='ltr'><strong>transma·</strong></span> <span class='ocrx_word' id='word_1_148' title='bbox 1334 2264 1337 2277; x_wconf 83' lang='lat'><strong>·</strong></span> 
     </span>
     <span class='ocr_line' id='line_1_20' title="bbox 188 2315 1340 2429; baseline -0.019 -17"><span class='ocrx_word' id='word_1_149' title='bbox 188 2367 295 2412; x_wconf 86' lang='lat' dir='ltr'><strong>nasse.</strong></span> <span class='ocrx_word' id='word_1_150' title='bbox 340 2339 406 2408; x_wconf 89' lang='lat' dir='ltr'><strong>Sed</strong></span> <span class='ocrx_word' id='word_1_151' title='bbox 427 2361 509 2429; x_wconf 90' lang='lat' dir='ltr'><strong>qnae</strong></span> <span class='ocrx_word' id='word_1_152' title='bbox 529 2335 621 2426; x_wconf 87' lang='lat' dir='ltr'><strong>prins</strong></span> <span class='ocrx_word' id='word_1_153' title='bbox 642 2331 727 2422; x_wconf 86' lang='lat' dir='ltr'><strong>apud</strong></span> <span class='ocrx_word' id='word_1_154' title='bbox 749 2315 825 2398; x_wconf 89' lang='lat' dir='ltr'><strong>illos</strong></span> <span class='ocrx_word' id='word_1_155' title='bbox 846 2341 1036 2419; x_wconf 72' lang='lat' dir='ltr'><strong>regnaverat</strong></span> <span class='ocrx_word' id='word_1_156' title='bbox 1053 2326 1181 2396; x_wconf 84' lang='lat' dir='ltr'><strong>vocales</strong></span> <span class='ocrx_word' id='word_1_157' title='bbox 1202 2349 1276 2415; x_wconf 90' lang='lat' dir='ltr'><strong>pro·</strong></span> <span class='ocrx_word' id='word_1_158' title='bbox 1336 2399 1340 2406; x_wconf 23' lang='grc' dir='ltr'>ι</span> 
     </span>
     <span class='ocr_line' id='line_1_21' title="bbox 186 2427 1276 2531; baseline -0.02 -16"><span class='ocrx_word' id='word_1_159' title='bbox 186 2444 315 2515; x_wconf 85' lang='lat' dir='ltr'><strong>lerendi</strong></span> <span class='ocrx_word' id='word_1_160' title='bbox 342 2442 442 2520; x_wconf 87' lang='lat' dir='ltr'><strong>ratic,</strong></span> <span class='ocrx_word' id='word_1_161' title='bbox 475 2437 643 2531; x_wconf 85' lang='lat' dir='ltr'><strong>paullatim</strong></span> <span class='ocrx_word' id='word_1_162' title='bbox 671 2433 757 2526; x_wconf 88' lang='lat' dir='ltr'><strong>apnd</strong></span> <span class='ocrx_word' id='word_1_163' title='bbox 777 2433 923 2522; x_wconf 87' lang='lat' dir='ltr'><strong>reliquos</strong></span> <span class='ocrx_word' id='word_1_164' title='bbox 944 2431 1087 2498; x_wconf 86' lang='lat' dir='ltr'><strong>Graecos</strong></span> <span class='ocrx_word' id='word_1_165' title='bbox 1108 2427 1175 2498; x_wconf 84' lang='lat' dir='ltr'><strong>non</strong></span> <span class='ocrx_word' id='word_1_166' title='bbox 1203 2428 1276 2494; x_wconf 88' lang='lat' dir='ltr'><strong>imi-</strong></span> 
     </span>
     <span class='ocr_line' id='line_1_22' title="bbox 186 2531 1277 2634; baseline -0.018 -17"><span class='ocrx_word' id='word_1_167' title='bbox 186 2553 330 2634; x_wconf 81' lang='lat' dir='ltr'><strong>tatione,</strong></span> <span class='ocrx_word' id='word_1_168' title='bbox 367 2544 426 2612; x_wconf 89' lang='lat' dir='ltr'><strong>sed</strong></span> <span class='ocrx_word' id='word_1_169' title='bbox 446 2541 636 2610; x_wconf 85' lang='lat' dir='ltr'><strong>necessitate</strong></span> <span class='ocrx_word' id='word_1_170' title='bbox 656 2535 794 2628; x_wconf 87' lang='lat' dir='ltr'><strong>quadam</strong></span> <span class='ocrx_word' id='word_1_171' title='bbox 821 2531 960 2600; x_wconf 73' lang='lat' dir='ltr'><strong>nutui-cli</strong></span> <span class='ocrx_word' id='word_1_172' title='bbox 988 2531 1165 2602; x_wconf 77' lang='lat' dir='ltr'><strong>invaluisse</strong></span> <span class='ocrx_word' id='word_1_173' title='bbox 1185 2531 1277 2599; x_wconf 75' lang='lat' dir='ltr'><strong>ride-</strong></span> 
     </span>
     <span class='ocr_line' id='line_1_23' title="bbox 187 2635 1073 2740; baseline -0.019 -21"><span class='ocrx_word' id='word_1_174' title='bbox 187 2663 252 2719; x_wconf 87' lang='lat' dir='ltr'><strong>tnr.</strong></span> <span class='ocrx_word' id='word_1_175' title='bbox 295 2650 348 2717; x_wconf 87' lang='lat' dir='ltr'><strong>De</strong></span> <span class='ocrx_word' id='word_1_176' title='bbox 370 2673 435 2740; x_wconf 85' lang='lat' dir='ltr'><strong>qna</strong></span> <span class='ocrx_word' id='word_1_177' title='bbox 456 2670 492 2714; x_wconf 88' lang='lat' dir='ltr'><strong>re</strong></span> <span class='ocrx_word' id='word_1_178' title='bbox 511 2665 599 2711; x_wconf 91' lang='lat' dir='ltr'><strong>nnnc</strong></span> <span class='ocrx_word' id='word_1_179' title='bbox 618 2639 718 2708; x_wconf 84' lang='lat' dir='ltr'><strong>verho</strong></span> <span class='ocrx_word' id='word_1_180' title='bbox 737 2637 903 2706; x_wconf 81' lang='lat' dir='ltr'><strong>monuisse</strong></span> <span class='ocrx_word' id='word_1_181' title='bbox 923 2635 1073 2706; x_wconf 77' lang='lat' dir='ltr'><strong>sufficiet.</strong></span> 
     </span>
    </p>
   </div>
   <div class='ocr_carea' id='block_1_3' title="bbox 363 2907 1155 3112">
    <p class='ocr_par' dir='ltr' id='par_1_6' title="bbox 363 2907 1155 3112">
     <span class='ocr_line' id='line_1_24' title="bbox 363 2907 1155 3112; baseline -0.008 -51"><span class='ocrx_word' id='word_1_182' title='bbox 363 2977 451 3060; x_wconf 78' lang='lat' dir='ltr'><strong>ne</strong></span> <span class='ocrx_word' id='word_1_183' title='bbox 476 2907 1089 3059; x_wconf 70' lang='lat' dir='ltr'><strong>dialcetoTtressaltea.</strong></span> <span class='ocrx_word' id='word_1_184' title='bbox 1148 3101 1155 3112; x_wconf 21' lang='grc' dir='ltr'><strong><em>ι</em></strong></span> 
     </span>
    </p>
   </div>
   <div class='ocr_carea' id='block_1_4' title="bbox 671 3205 784 3310">
    <p class='ocr_par' dir='ltr' id='par_1_7' title="bbox 671 3205 784 3310">
     <span class='ocr_line' id='line_1_25' title="bbox 671 3205 784 3310; baseline -0.027 -20"><span class='ocrx_word' id='word_1_185' title='bbox 671 3214 702 3310; x_wconf 70' lang='grc' dir='ltr'><strong>ς.</strong></span> <span class='ocrx_word' id='word_1_186' title='bbox 730 3205 784 3289; x_wconf 81' lang='lat' dir='ltr'><strong>sa.</strong></span> 
     </span>
    </p>
   </div>
   <div class='ocr_carea' id='block_1_5' title="bbox 8 3347 1278 3964">
    <p class='ocr_par' dir='ltr' id='par_1_8' title="bbox 8 3347 1278 3964">
     <span class='ocr_line' id='line_1_26' title="bbox 8 3347 1275 3454; baseline -0.002 -21"><span class='ocrx_word' id='word_1_187' title='bbox 8 3441 11 3450; x_wconf 25' lang='grc'>1</span> <span class='ocrx_word' id='word_1_188' title='bbox 271 3359 306 3454; x_wconf 89' lang='grc'><strong>1)</strong></span> <span class='ocrx_word' id='word_1_189' title='bbox 337 3347 389 3431; x_wconf 77' lang='lat' dir='ltr'><strong>n&#39;c</strong></span> <span class='ocrx_word' id='word_1_190' title='bbox 408 3363 640 3430; x_wconf 81' lang='lat' dir='ltr'><strong>&#39;l&#39;hessalornm</strong></span> <span class='ocrx_word' id='word_1_191' title='bbox 662 3361 822 3454; x_wconf 82' lang='lat' dir='ltr'><strong>dialecto,</strong></span> <span class='ocrx_word' id='word_1_192' title='bbox 852 3385 948 3452; x_wconf 57' lang='lat' dir='ltr'><strong>mam</strong></span> <span class='ocrx_word' id='word_1_193' title='bbox 968 3357 1073 3428; x_wconf 80' lang='lat' dir='ltr'><strong>Attici</strong></span> <span class='ocrx_word' id='word_1_194' title='bbox 1094 3359 1174 3429; x_wconf 88' lang='lat' dir='ltr'><strong>satis</strong></span> <span class='ocrx_word' id='word_1_195' title='bbox 1200 3363 1275 3430; x_wconf 85' lang='lat' dir='ltr'><strong>har-</strong></span> 
     </span>
     <span class='ocr_line' id='line_1_27' title="bbox 32 3459 1272 3565; baseline -0.004 -31"><span class='ocrx_word' id='word_1_196' title='bbox 32 3551 43 3565; x_wconf 47' lang='lat'><strong>·</strong></span> <span class='ocrx_word' id='word_1_197' title='bbox 185 3467 296 3534; x_wconf 81' lang='lat' dir='ltr'><strong>heram</strong></span> <span class='ocrx_word' id='word_1_198' title='bbox 311 3466 500 3556; x_wconf 85' lang='lat' dir='ltr'><strong>judicarunt</strong></span> <span class='ocrx_word' id='word_1_199' title='bbox 520 3461 606 3554; x_wconf 78' lang='lat' dir='ltr'><strong>(vid.</strong></span> <span class='ocrx_word' id='word_1_200' title='bbox 625 3459 656 3553; x_wconf 78' lang='lat'><strong>§-</strong></span> <span class='ocrx_word' id='word_1_201' title='bbox 671 3461 747 3552; x_wconf 78' lang='lat'><strong>⁴9),</strong></span> <span class='ocrx_word' id='word_1_202' title='bbox 780 3464 974 3555; x_wconf 81' lang='lat' dir='ltr'><strong>paucissima</strong></span> <span class='ocrx_word' id='word_1_203' title='bbox 994 3473 1157 3555; x_wconf 76' lang='lat' dir='ltr'><strong>comperta</strong></span> <span class='ocrx_word' id='word_1_204' title='bbox 1177 3465 1272 3551; x_wconf 74' lang='lat' dir='ltr'><strong>halae·</strong></span> 
     </span>
     <span class='ocr_line' id='line_1_28' title="bbox 186 3565 1278 3660; baseline -0.005 -24"><span class='ocrx_word' id='word_1_205' title='bbox 186 3593 279 3656; x_wconf 80' lang='lat' dir='ltr'><strong>mns3</strong></span> <span class='ocrx_word' id='word_1_206' title='bbox 323 3593 429 3660; x_wconf 85' lang='lat' dir='ltr'><strong>neque</strong></span> <span class='ocrx_word' id='word_1_207' title='bbox 457 3569 545 3636; x_wconf 90' lang='lat' dir='ltr'><strong>enim</strong></span> <span class='ocrx_word' id='word_1_208' title='bbox 572 3567 662 3634; x_wconf 90' lang='lat' dir='ltr'><strong>nllns</strong></span> <span class='ocrx_word' id='word_1_209' title='bbox 688 3567 826 3655; x_wconf 86' lang='lat' dir='ltr'><strong>scriptor</strong></span> <span class='ocrx_word' id='word_1_210' title='bbox 852 3591 890 3633; x_wconf 87' lang='lat' dir='ltr'><strong>ea</strong></span> <span class='ocrx_word' id='word_1_211' title='bbox 920 3591 1002 3632; x_wconf 92' lang='lat' dir='ltr'><strong>nsns</strong></span> <span class='ocrx_word' id='word_1_212' title='bbox 1027 3589 1101 3634; x_wconf 88' lang='lat' dir='ltr'><strong>esse</strong></span> <span class='ocrx_word' id='word_1_213' title='bbox 1131 3565 1278 3650; x_wconf 68' lang='lat' dir='ltr'><strong>videtur,</strong></span> 
     </span>
     <span class='ocr_line' id='line_1_29' title="bbox 186 3667 1275 3762; baseline -0.002 -26"><span class='ocrx_word' id='word_1_214' title='bbox 186 3694 292 3762; x_wconf 84' lang='lat' dir='ltr'><strong>neque</strong></span> <span class='ocrx_word' id='word_1_215' title='bbox 318 3669 517 3762; x_wconf 71' lang='lat' dir='ltr'><strong>grammatici</strong></span> <span class='ocrx_word' id='word_1_216' title='bbox 543 3693 581 3736; x_wconf 83' lang='lat' dir='ltr'><strong>ea</strong></span> <span class='ocrx_word' id='word_1_217' title='bbox 615 3669 688 3760; x_wconf 87' lang='lat' dir='ltr'><strong>ipsa</strong></span> <span class='ocrx_word' id='word_1_218' title='bbox 719 3667 759 3734; x_wconf 91' lang='lat' dir='ltr'><strong>de</strong></span> <span class='ocrx_word' id='word_1_219' title='bbox 789 3689 884 3734; x_wconf 85' lang='lat' dir='ltr'><strong>cansa</strong></span> <span class='ocrx_word' id='word_1_220' title='bbox 917 3667 982 3734; x_wconf 90' lang='lat' dir='ltr'><strong>nisi</strong></span> <span class='ocrx_word' id='word_1_221' title='bbox 1011 3667 1177 3735; x_wconf 84' lang='lat' dir='ltr'><strong>rarissime</strong></span> <span class='ocrx_word' id='word_1_222' title='bbox 1203 3691 1275 3734; x_wconf 86' lang='lat' dir='ltr'><strong>eam</strong></span> 
     </span>
     <span class='ocr_line' id='line_1_30' title="bbox 186 3768 1276 3862; baseline 0.001 -25"><span class='ocrx_word' id='word_1_223' title='bbox 186 3786 453 3856; x_wconf 87' lang='lat' dir='ltr'><strong>commemorant,</strong></span> <span class='ocrx_word' id='word_1_224' title='bbox 494 3797 602 3862; x_wconf 89' lang='lat' dir='ltr'><strong>neque</strong></span> <span class='ocrx_word' id='word_1_225' title='bbox 631 3768 861 3860; x_wconf 89' lang='lat' dir='ltr'><strong>inscriptiones</strong></span> <span class='ocrx_word' id='word_1_226' title='bbox 891 3769 1026 3859; x_wconf 43' lang='lat' dir='ltr'><strong>&amp;ouini</strong></span> <span class='ocrx_word' id='word_1_227' title='bbox 1057 3768 1276 3838; x_wconf 66' lang='lat' dir='ltr'><strong>Thessaloni</strong></span> 
     </span>
     <span class='ocr_line' id='line_1_31' title="bbox 187 3871 1272 3964; baseline -0.001 -28"><span class='ocrx_word' id='word_1_228' title='bbox 187 3871 377 3939; x_wconf 86' lang='lat' dir='ltr'><strong>documenta</strong></span> <span class='ocrx_word' id='word_1_229' title='bbox 409 3874 565 3964; x_wconf 89' lang='lat' dir='ltr'><strong>praebent</strong></span> <span class='ocrx_word' id='word_1_230' title='bbox 597 3873 707 3962; x_wconf 86' lang='lat' dir='ltr'><strong>plures</strong></span> <span class='ocrx_word' id='word_1_231' title='bbox 736 3893 832 3960; x_wconf 83' lang='lat' dir='ltr'><strong>qnam</strong></span> <span class='ocrx_word' id='word_1_232' title='bbox 859 3871 940 3937; x_wconf 90' lang='lat' dir='ltr'><strong>dnae</strong></span> <span class='ocrx_word' id='word_1_233' title='bbox 970 3873 1049 3938; x_wconf 87' lang='lat' dir='ltr'><strong>satis</strong></span> <span class='ocrx_word' id='word_1_234' title='bbox 1076 3871 1193 3939; x_wconf 84' lang='lat' dir='ltr'><strong>hrcrcs</strong></span> <span class='ocrx_word' id='word_1_235' title='bbox 1220 3895 1272 3936; x_wconf 81' lang='lat' dir='ltr'><strong>nr.</strong></span> 
     </span>
    </p>
   </div>
   <div class='ocr_carea' id='block_1_6' title="bbox 188 3965 1314 4082">
    <p class='ocr_par' dir='ltr' id='par_1_9' title="bbox 188 3965 1314 4082">
     <span class='ocr_line' id='line_1_32' title="bbox 188 3965 1314 4082; baseline -0.001 -42"><span class='ocrx_word' id='word_1_236' title='bbox 188 3973 277 4040; x_wconf 79' lang='lat'><strong>1766-</strong></span> <span class='ocrx_word' id='word_1_237' title='bbox 291 3985 323 4038; x_wconf 92' lang='lat' dir='ltr'><strong>ct</strong></span> <span class='ocrx_word' id='word_1_238' title='bbox 344 3975 426 4044; x_wconf 82' lang='lat'><strong>1767</strong></span> <span class='ocrx_word' id='word_1_239' title='bbox 441 3982 481 4062; x_wconf 87' lang='lat'><strong>¹),</strong></span> <span class='ocrx_word' id='word_1_240' title='bbox 504 3999 569 4068; x_wconf 88' lang='lat' dir='ltr'><strong>quo</strong></span> <span class='ocrx_word' id='word_1_241' title='bbox 588 3973 744 4040; x_wconf 87' lang='lat' dir='ltr'><strong>accedunt</strong></span> <span class='ocrx_word' id='word_1_242' title='bbox 764 3972 915 4041; x_wconf 88' lang='lat' dir='ltr'><strong>nonnulli</strong></span> <span class='ocrx_word' id='word_1_243' title='bbox 937 3965 1060 4042; x_wconf 80' lang='lat' dir='ltr'><strong>nummi</strong></span> <span class='ocrx_word' id='word_1_244' title='bbox 1073 3969 1273 4042; x_wconf 78' lang='lat' dir='ltr'><strong>Thessalici.</strong></span> <span class='ocrx_word' id='word_1_245' title='bbox 1309 4069 1314 4082; x_wconf 32' lang='grc' dir='ltr'>Ι</span> 
     </span>
    </p>
   </div>
   <div class='ocr_carea' id='block_1_7' title="bbox 190 4197 1276 4338">
    <p class='ocr_par' dir='ltr' id='par_1_10' title="bbox 190 4197 1276 4338">
     <span class='ocr_line' id='line_1_33' title="bbox 190 4197 1276 4338; baseline -0.004 -78"><span class='ocrx_word' id='word_1_246' title='bbox 190 4207 247 4338; x_wconf 72' lang='grc' dir='ltr'><strong>ἸΙ)</strong></span> <span class='ocrx_word' id='word_1_247' title='bbox 283 4203 333 4258; x_wconf 82' lang='lat' dir='ltr'><strong>Nr.</strong></span> <span class='ocrx_word' id='word_1_248' title='bbox 352 4207 421 4261; x_wconf 81' lang='grc'><strong>1766</strong></span> <span class='ocrx_word' id='word_1_249' title='bbox 440 4205 512 4261; x_wconf 87' lang='lat' dir='ltr'><strong>haud</strong></span> <span class='ocrx_word' id='word_1_250' title='bbox 531 4201 629 4276; x_wconf 89' lang='lat' dir='ltr'><strong>procul</strong></span> <span class='ocrx_word' id='word_1_251' title='bbox 647 4219 664 4258; x_wconf 84' lang='lat' dir='ltr'><strong>a</strong></span> <span class='ocrx_word' id='word_1_252' title='bbox 681 4199 808 4276; x_wconf 72' lang='lat' dir='ltr'><strong>Lerisus:</strong></span> <span class='ocrx_word' id='word_1_253' title='bbox 826 4198 956 4259; x_wconf 75' lang='lat' dir='ltr'><strong>&#39;Anima</strong></span> <span class='ocrx_word' id='word_1_254' title='bbox 973 4197 1046 4274; x_wconf 75' lang='lat' dir='ltr'><strong>arod.</strong></span> <span class='ocrx_word' id='word_1_255' title='bbox 1065 4205 1276 4258; x_wconf 63' lang='lat' dir='ltr'><strong>octauam·</strong></span> 
     </span>
    </p>
   </div>
   <div class='ocr_carea' id='block_1_8' title="bbox 0 0 1422 4762">
    <p class='ocr_par' dir='ltr' id='par_1_11' title="bbox 0 0 1422 4762">
     <span class='ocr_line' id='line_1_34' title="bbox 0 0 1422 4762; baseline 0 0"><span class='ocrx_word' id='word_1_256' title='bbox 0 0 1422 4762; x_wconf 95' lang='lat' dir='ltr'><strong> </strong></span> 
     </span>
    </p>
   </div>
  </div>
 </body>
</html>
