2872 4780
334 323 367 416 §.
391 327 452 400 20.
505 329 562 400 De
589 357 609 414 η
634 351 700 423 pro
724 357 752 400 n
773 341 808 400 ct
834 357 859 398 ω
881 299 947 425 [iro
973 357 1023 402 ov.
1151 326 1225 406 157

126 529 230 594 ricem
255 528 391 594 formam
414 527 630 618 redegerunt‘l
675 529 825 596 Cenniua
845 530 977 598 Italicae
999 531 1134 600 Doridis
1157 536 1221 602 lor·

125 655 182 697 ma
204 641 256 696 est
277 632 387 713 ionio,
409 631 476 698 vid.
500 634 532 714 ἓ.
555 632 610 700 40.

194 734 231 814 d)
274 732 492 800 Accusativns
512 732 651 822 pluralis
673 733 903 802 declinationis
929 736 1091 802 secundae
1111 736 1146 802 iu
1169 761 1220 804 se.

125 835 257 902 veriore
279 835 406 901 Doride
421 834 449 918 6)
480 835 517 900 iu
539 861 583 911 nc
603 836 691 921 exit,
725 847 762 902 nt
782 836 886 919 νόμως
907 863 966 928 pro
986 837 1116 920 νόμους,
1152 837 1219 906 nisi

125 937 220 1028 quod
241 937 337 1028 pauci
359 937 535 1006 Cretenses
556 937 725 1028 antiquum
747 963 800 1013 ονς
821 949 991 1006 tenuerant
1016 939 1084 1006 vid.
1107 941 1140 1024 ξ.
1165 943 1217 1022 14,
1275 1027 1277 1032 ,

124 1039 279 1131 plerique
301 1062 375 1105 enm
398 1039 575 1129 Cyrenaeis
596 1041 855 1108 terminationem
870 1095 874 1102 .
887 1043 923 1107 iu
945 1067 980 1116 oc
1000 1043 1219 1134 corripiebant

123 1144 197 1210 vid.
219 1143 253 1226 ἓ.
275 1143 338 1220 21,
362 1144 393 1208 1.
438 1142 534 1208 lllius
554 1142 792 1210 terminationis
816 1169 858 1219 oc
880 1143 1050 1210 innumera
1071 1147 1217 1237 exempla

123 1257 206 1313 snut
226 1241 312 1335 aliud
333 1244 526 1311 Alcmaueur
556 1259 588 1312 et
615 1245 650 1310 iu
670 1245 870 1336 Lysistrata,
905 1245 939 1312 iu
967 1247 1087 1312 tcbnlis
1115 1247 1217 1317 llera-

122 1348 313 1416 cleensibus
335 1351 385 1430 (nt
405 1343 467 1420 mic
485 1344 590 1432 χόρος
611 1345 673 1422 τοῖς
693 1347 793 1432 tande
807 1345 888 1434 etc.)
911 1359 944 1415 et
963 1347 1060 1416 titulo
1073 1348 1214 1434 Bruttio,

22 1469 24 1516 ὲ
122 1474 188 1518 nec
216 1449 327 1516 minus
353 1449 389 1514 in
419 1471 486 1514 uuo
508 1447 639 1516 Cretico
668 1474 719 1517 ur.
741 1449 838 1518 2554.
881 1451 977 1518 Adeo
1004 1452 1041 1517 iu
1069 1451 1216 1518 lontibus

120 1553 236 1620 minus
257 1551 376 1634 certis,
409 1549 445 1616 in
467 1551 614 1639 epistolis
638 1551 791 1620 Chilonis
813 1553 976 1638 Laconis,
1009 1553 1216 1644 Epimenidis

123 1655 316 1731 Cretensis,
339 1653 504 1742 Archytae
526 1665 559 1720 et
573 1653 708 1743 Lysidis
727 1653 1001 1738 Tarentinorum,
1023 1679 1085 1723 nec
1105 1656 1216 1724 miuus

122 1759 158 1824 in
182 1757 321 1848 reliqms
337 1756 714 1844 Pseudo-Pythagoricis
734 1782 771 1823 ea
792 1757 966 1824 severioris
983 1757 1120 1825 Doridis
1141 1783 1216 1849 pro·

123 1861 247 1952 prietas
270 1857 389 1926 servari
412 1859 506 1924 solet.
552 1859 591 1924 ln
619 1859 716 1926 titulo
737 1859 868 1948 Tegeae
885 1871 1014 1950 reperto
1037 1859 1077 1928 C.
1100 1860 1129 1926 l.
1159 1885 1212 1928 ur.

124 1961 234 2042 1511,
265 1961 359 2048 cujus
380 1961 553 2028 dialectum
573 1960 770 2028 Laconicam
793 1985 867 2029 csse
888 1961 1049 2045 diximus,
1082 1972 1215 2052 propter

120 2061 525 2156 antiquamscriptnram,
548 2087 612 2154 qua
637 2070 668 2128 O
686 2089 746 2156 pro
768 2090 804 2143 o,
828 2091 853 2128 ω
876 2077 909 2131 et
929 2090 965 2130 ov
985 2065 1139 2155 ponitur,
1160 2065 1214 2132 ni-

120 2168 169 2234 bil
200 2165 281 2234 certi
308 2177 460 2255 apparet3
493 2164 551 2232 sed
580 2167 604 2234 l.
627 2167 671 2234 22
697 2167 813 2251 χιλίους
840 2167 924 2234 mele
953 2191 971 2234 a
999 2167 1214 2235 Fourmontio

120 2269 207 2336 tradi
227 2291 419 2361 persuasum
439 2267 618 2350 hahemus,
648 2291 749 2358 quum
767 2279 932 2360 practerea
953 2269 1080 2338 nullum
1101 2293 1214 2336 receu-

119 2367 215 2439 tioris
237 2371 416 2462 scripturae
438 2369 613 2459 vestigium
634 2370 716 2436 insit
736 2380 769 2438 et
789 2395 889 2460 qnnm
910 2371 985 2461 plns
1007 2372 1109 2438 semul
1126 2381 1214 2438 recte

119 2477 222 2560 χιλίας
249 2475 376 2563 legatur
407 2472 451 2537 cl.
485 2471 562 2538 inlr.
594 2497 645 2536 nr.
669 2473 700 2538 7.
745 2471 784 2536 1ο
805 2473 1137 2540 Lacedaemoniorum
1159 2473 1214 2538 de·

120 2588 211 2644 creto
240 2575 395 2664 Thucyd.
418 2574 464 2657 V,
487 2573 528 2640 77
558 2573 637 2640 libri
663 2572 759 2640 modo
792 2599 834 2648 ως
861 2573 957 2639 modo
988 2597 1042 2648 ove
1068 2582 1213 2664 tuentur,

119 2681 183 2748 boc
205 2690 313 2745 umen
335 2677 443 2744 rarius
464 2700 600 2762 omues,
634 2699 717 2766 qnae
738 2674 954 2742 inconstantia
976 2675 1138 2765 quomodo
1159 2699 1213 2742 ex·

118 2781 238 2871 plicari
258 2779 382 2873 possit,
406 2803 503 2871 supra
526 2771 742 2846 indicassuus
763 2779 796 2862 ἕ.
820 2779 859 2862 2,
883 2777 934 2844 13.

23 2959 27 2972 ,
205 2885 241 2964 3)
283 2882 414 2950 Deinde
435 2882 606 2974 productio
628 2882 686 2948 illa
709 2879 907 2972 suppletoria
928 2879 1134 2968 agnoscitur,
1155 2880 1213 2946 nbi

119 2997 238 3054 sante
260 3010 401 3075 sequeus
421 3013 444 3067 μ
464 2987 517 3054 vel
539 2984 691 3052 rescidit
712 2984 755 3049 cl.
772 2983 815 3050 L.
832 2983 849 3048 l
869 2983 902 3066 §-
920 2983 953 3066 8,
970 2983 1002 3049 3.
1019 2983 1052 3048 4.
1096 2983 1212 3073 ltaque

119 3089 266 3157 severior
286 3087 387 3154 Doris
411 3116 429 3166 η
451 3111 510 3177 pro
532 3087 658 3177 vulgari
679 3113 706 3152 sa
726 3087 823 3152 habet
843 3085 879 3150 iu
900 3085 972 3150 bis:

181 3194 215 3273 a)
260 3193 295 3256 iu
321 3189 412 3256 verbi
438 3191 500 3272 εἰμι’
526 3189 641 3255 lormis
669 3190 851 3255 nonnullis.
905 3187 1104 3277 Frequentia
1135 3201 1212 3254 snut

104 3295 269 3385 'exempla
297 3291 452 3358 infinitivi
481 3286 555 3374 ἦμεν
587 3289 661 3376 (nbi
690 3292 799 3358 mitior
820 3291 923 3358 Doris
952 3287 1031 3372 εἶμεν
1053 3291 1150 3356 babet
1171 3315 1211 3358 ex

119 3395 174 3462 ἕσ-
187 3421 241 3480 μιν
267 3421 327 3486 pro
355 3393 467 3474 sinac),
501 3394 535 3459 iu
564 3393 652 3459 tabh.
675 3395 871 3460 Heraclei
891 3391 1083 3458 certioribus
1104 3392 1211 3460 titulis

121 3497 261 3566 Creticis
281 3495 376 3566 2555.
400 3495 495 3566 2556.
518 3495 626 3580 2558,
660 3497 756 3562 etiam
778 3495 881 3580 2554,
904 3495 958 3562 68.
979 3495 1044 3562 212
1071 3505 1104 3559 et
1125 3495 1211 3584 apud

121 3601 315 3682 Chilonem,
337 3599 585 3690 Epimenidem,
607 3599 775 3689 Apopbtb.
798 3599 877 3665 Lae.
902 3623 934 3686 p.
951 3598 1014 3664 242
1035 3607 1097 3663 etc.
1139 3597 1210 3664 Nec

120 3704 228 3770 minus
257 3702 401 3770 severior
421 3701 524 3768 Doris
554 3700 609 3783 ἠμί
636 3713 669 3768 et
697 3701 773 3785 ἠμές
791 3726 851 3791 pro
873 3702 952 3782 εἰμι’,
986 3699 1066 3781 εἰμέν
1087 3687 1210 3766 didisse

121 3807 262 3893 putanda
276 3815 338 3888 est,
362 3829 461 3895 quum
484 3805 546 3871 istc
568 3829 609 3868 ex
631 3806 717 3886 ἕομί,
739 3805 846 3885 donch,
871 3803 959 3884 ἐσμέν
980 3801 1084 3890 (qnod
1097 3802 1210 3868 Atthis

124 3909 273 3990 seravit)
295 3917 368 3974 nate
382 3907 460 3972 sint.
493 3905 580 3972 blalc
597 3906 630 3972 in
645 3905 806 3974 cantilena
820 3905 981 3970 Laconica
998 3903 1205 3972 Schneidew.

154 4125 182 4186 6)
218 4123 322 4178 Dorica
341 4135 456 4177 vocatur
478 4139 510 4176 ca
534 4123 691 4180 terminatio
716 4123 774 4178 aJ.
796 4123 846 4176 Gr.
865 4123 931 4188 213,
950 4139 981 4188 a,
1009 4123 1125 4178 Mearm.
1144 4125 1207 4190 658,

124 4209 192 4263 unde
210 4211 336 4281 corrigas
353 4211 404 4266 Gr.
423 4212 453 4266 C.
471 4213 523 4268 als
