2862 4770
360 385 391 476 ι.
416 387 477 464 eo.
530 389 585 484 ne
611 419 646 462 ,ι
672 403 708 464 et
733 419 775 463 a,
800 347 1009 468 sonuisse.
1153 393 1228 470 ιιι

141 594 218 687 qnia
247 593 320 686 ipsa
350 591 409 662 illa
438 592 664 678 perproipooc,
697 595 896 680 ἕμιτρΙωμις,
929 595 1050 688 quihus
1079 597 1228 670 lioeuioa

139 697 280 766 memma
302 695 436 762 innixus
456 707 519 780 est,
544 695 683 764 sirecte
704 696 871 782 apsrpsdo
886 699 1095 786 ducerentur,
1120 703 1230 794 potius

137 799 265 866 Dorice
285 796 485 884 perperipsvoc
513 809 547 864 et
568 799 745 881 ipsepsdpec
772 813 936 868 sonarent.
992 800 1145 870 Ceterum
1173 829 1230 874 eo-

140 901 215 968 dem
237 924 347 967 errore
369 899 523 966 inductus
551 921 624 965 esse
653 899 782 966 videtur
808 899 866 968 ille
894 904 1141 990 grammaticus.
1175 908 1230 976 cui

139 1001 349 1094 Hesychisur
362 1003 473 1092 glossa
493 1005 735 1086 γηλιᾶσθαι,
759 1003 947 1088 κατέχεσθαι
962 1005 1110 1092 debetur,
1131 1033 1229 1100 qoam

140 1129 160 1172 e
180 1103 355 1196 participio
376 1102 563 1188 γηλιώμειος
583 1103 667 1170 male
682 1103 789 1170 hetam
805 1115 968 1193 putemus.
985 1139 1029 1156 -·
1047 1110 1230 1200 Aliquanto

139 1207 263 1274 notius
283 1205 470 1274 Boeelrhius
492 1204 533 1272 C.
557 1204 585 1272 l.
608 1229 641 1295 p.
654 1204 718 1272 403
740 1229 754 1270 e
775 1199 854 1273 ante¹
872 1220 1062 1300 sequentem
1083 1213 1230 1281 vocalem

137 1307 175 1376 in
198 1336 212 1374 ι
232 1308 350 1376 mutari
371 1307 490 1390 tradit,
512 1331 608 1397 quem
630 1307 881 1398 explicationem
895 1310 1069 1379 admittunt
1085 1311 1227 1398 Cretica,

137 1410 301 1502 quihusde
323 1409 390 1498 agit
416 1410 460 1475 V.
483 1408 545 1494 (h,
567 1409 715 1500 exempla
735 1409 855 1477 omnia.
904 1411 1021 1503 Neque
1042 1423 1150 1482 tamen
1170 1417 1228 1486 illc

138 1513 284 1580 animum
306 1536 346 1579 eo
367 1512 447 1578 satis
467 1511 625 1596 edvertit,
657 1511 745 1602 quod
773 1512 808 1578 in
829 1513 939 1580 verhis
962 1539 977 1580 s
997 1539 1065 1584 non
1086 1528 1230 1584 mutatur

138 1615 174 1682 iu
197 1641 209 1680 ι
230 1613 296 1680 nisi
317 1626 393 1682 aute
415 1639 432 1682 o
455 1624 488 1680 et
509 1639 553 1687 οι,
586 1613 667 1680 adeo
697 1613 733 1680 in
761 1639 812 1682 nr.
835 1615 921 1684 2554
949 1616 1021 1707 ipsc
1044 1641 1116 1688 non
1143 1630 1231 1688 recte

137 1717 234 1784 finxit
254 1716 452 1784 infinitivum
475 1719 673 1799 βοαθησίιιι.
725 1715 828 1783 Porro
847 1717 928 1808 quid
944 1718 1167 1806 judicabimus
1190 1722 1230 1788 de

137 1817 344 1906 perpedpeeoe
371 1829 404 1885 et
431 1817 592 1908 reliquie,
626 1817 683 1912 uhi
707 1843 744 1883 ιιι
766 1831 816 1886 est
837 1843 898 1910 pro
920 1820 978 1886 eol
1031 1822 1150 1890 Veram
1179 1847 1229 1890 ra-

137 1922 262 1988 tionem
292 1931 450 1988 monstrat
476 1919 771 1989 lonico-Atticum
802 1921 851 1986 en'
870 1945 930 2012 pro
955 1948 993 1990 oo
1016 1933 1052 1989 ut
1073 1924 1150 2001 leole
1169 1949 1229 2015 pro

139 2021 238 2101 tede,
267 2020 434 2107 Ἀτρεΐδεω
462 2047 522 2113 pro
550 2021 729 2105 Ἀτρείδαο.
782 2021 881 2107 Quod
903 2025 951 2091 uti
973 2025 1163 2115 saepissime
1184 2027 1229 2094 ite

137 2149 237 2192 unam
264 2124 425 2215 syllabam
455 2123 572 2210 edicit,
604 2123 700 2190 etiam
730 2125 772 2191 ad
797 2135 954 2192 accentus
984 2127 1160 2214 rationem,
1192 2141 1229 2196 ut

137 2226 334 2318 diphthongi
354 2227 458 2294 instar
478 2227 661 2293 hahendum
683 2226 746 2311 sit,
769 2227 814 2294 ita
837 2253 892 2307 ιω,
914 2251 1015 2318 quum
1037 2239 1088 2296 cst
1103 2253 1163 2320 pro
1182 2255 1226 2310 eo,

137 2329 362 2419 diphthongus
383 2339 434 2396 est
455 2335 510 2396 aut
531 2329 725 2420 diphthongi
741 2329 848 2396 simile
863 2341 895 2396 et
910 2331 1130 2398 contractione
1151 2357 1228 2423 qua·

138 2431 358 2498 damnatum.
411 2429 486 2522 «lam
510 2436 592 2498 'vcro
622 2443 773 2521 spparet,
808 2457 845 2495 ιω
860 2455 926 2522 pro
948 2456 988 2498 eo
1010 2445 1043 2500 et
1063 2459 1093 2500 ao
1114 2457 1174 2524 pro
1195 2459 1228 2502 eo

1 2537 2 2544 ’
138 2535 174 2600 iu
196 2533 305 2599 verhis
327 2533 523 2616 contractis,
559 2533 679 2599 futuris
707 2543 740 2598 et
767 2532 1017 2620 pronominibus
1045 2557 1111 2600 non
1131 2559 1228 2625 posse

136 2635 234 2704 aliem
257 2635 419 2726 originem
442 2634 582 2718 hahere,
614 2634 672 2700 sed
701 2633 797 2700 etiam
818 2635 898 2700 haee
920 2636 1139 2702 contrahendo
1159 2649 1228 2704 orta

137 2761 212 2806 esse
234 2748 267 2806 et
287 2738 382 2827 quasi
403 2735 623 2827 diphthongos
645 2743 847 2828 (compares,
880 2759 1019 2827 quaeso,
1053 2737 1227 2828 diphthon-

137 2863 199 2932 gos
222 2839 262 2906 io
284 2851 317 2906 et
336 2839 380 2906 iu
400 2839 436 2905 in
458 2839 641 2929 antiquiore
661 2838 775 2927 lingua
791 2837 995 2927 Theotisca).
1027 2837 1157 2923 Quibus
1178 2841 1228 2908 in·

136 2941 280 3010 tellectis
301 2941 461 3026 aliorum,
484 2965 568 3031 quae
589 2941 670 3007 mire
691 2941 796 3008 rideri
817 2941 964 3031 possint,
989 2941 1116 3008 ratioet
1130 2965 1228 3011 cauas

136 3045 259 3135 peteht.
304 3041 453 3110 Primum
482 3067 542 3110 cnr
567 3065 629 3132 pro
657 3067 689 3110 so
717 3043 899 3133 promiscue
925 3067 957 3108 so
985 3053 1018 3108 et
1048 3069 1086 3108 ιω
1107 3047 1227 3135 scripta

140 3147 230 3232 siut3
264 3145 393 3213 seilicet
412 3145 448 3212 in
470 3145 676 3237 diphthongo
697 3169 764 3214 non
784 3146 923 3212 multum
942 3145 1096 3229 interest,
1118 3159 1226 3214 utrum

139 3249 242 3316 altera
268 3247 393 3315 vocalia
420 3247 617 3338 producatur
642 3273 683 3314 an
713 3247 929 3338 corripiatur,
961 3247 1010 3312 nti
1037 3249 1226 3338 saepissime

137 3350 174 3418 iu
195 3349 326 3441 uulgari
345 3349 461 3440 lingue
482 3349 616 3441 scriptio
637 3350 773 3418 fluctuat
798 3351 884 3416 inter
910 3377 930 3436 ῃ
953 3359 986 3414 et
1006 3373 1050 3429 rs,
1084 3360 1160 3436 «pet
1181 3377 1223 3428 os,

138 3464 215 3534 eet
236 3479 281 3518 αι.
335 3451 466 3518 Deinde
493 3475 553 3518 cnr
574 3453 811 3520 Heracleenses
838 3451 1007 3517 certiorem
1028 3475 1098 3518 eam
1118 3453 1225 3542 legem

136 3553 271 3646 sequuti
293 3551 381 3638 siut,
413 3565 451 3620 ut
471 3577 504 3620 eo
525 3554 561 3620 in
582 3579 620 3619 ιω
642 3565 823 3639 mutarent,
851 3577 951 3643 quum
973 3553 1098 3642 syllaba
1118 3555 1225 3622 seculi

136 3655 301 3724 clauditur
322 3667 358 3720 ut
379 3656 579 3740 ἰμετρῖωμες,
601 3657 822 3744 μειριῶμειος,
845 3655 1039 3746 quihuscum
1060 3657 1226 3746 conspirat

134 3757 383 3850 Hesychiannm
414 3755 632 3841 Ρηλιῶμινος,
677 3771 841 3850 praeterea
878 3757 912 3823 iu
944 3783 974 3824 eo
1005 3767 1041 3826 ut
1074 3757 1222 3837 ἕξειιόὶὶιν,

137 3859 363 3946 dometium,
397 3859 481 3928 houd
510 3859 607 3926 duhie
628 3859 699 3928 illie
718 3859 891 3952 productio
911 3860 1015 3950 magis
1036 3861 1222 3952 apparebat,

136 3985 239 4052 quum
260 3973 334 4028 ante
355 3985 530 4029 consonam
551 3963 587 4028 in
609 3962 720 4028 eedem
737 3961 860 4052 syllaba
875 3973 1063 4055 sequentem
1082 3964 1223 4032 secunde

136 4063 335 4155 diphthongi
354 4087 431 4154 psus
452 4063 678 4155 corriperetur.
723 4063 806 4131 Erm
826 4075 932 4132 tamen
953 4065 1059 4155 legem
1080 4091 1141 4132 nec
1157 4065 1223 4132 Ta·

135 4165 265 4233 sentius
287 4165 434 4257 exemplu
456 4177 604 4250 servam,
638 4177 675 4232 ut
704 4167 985 4252 aloeopopsdpevoo,
1017 4171 1101 4252 ipio,
1136 4169 1221 4247 epto,
1270 4199 1272 4204 ·

138 4269 250 4352 lpide,
272 4291 333 4334 nee
345 4268 510 4338 Laconica
531 4271 584 4340 sel
597 4267 744 4356 Cretica,
767 4293 850 4360 quas
871 4267 995 4360 uhiqua
1016 4295 1046 4336 ιο
1068 4270 1225 4361 praeheut

972 4397 1033 4464 14·
