2862 4770
345 359 378 452 0.
404 361 464 438 26.
509 362 565 434 De
590 389 625 434 ιο
651 375 695 434 et-
712 391 752 432 ιω
774 329 982 438 contractis.
1129 361 1208 440 209

116 561 257 656 quodem
279 561 439 648 ἀφορμιᾶι
461 561 648 629 derivarunt
666 563 811 632 ‘aliunde
840 589 907 633 non
938 568 1082 657 cognito.
1136 569 1206 638 Nos

114 665 223 757 potins
252 664 446 748 cipoppiom
476 663 672 748 scribimus,
706 676 742 730 ut
762 666 802 731 ab
825 667 925 750 ὁρμῶσι
949 667 1204 756 insaturata.

112 767 231 846 37,1,
268 766 364 832 etiarn
393 765 553 832 sententia
583 765 757 850 suadente,
792 791 893 857 quum
916 768 980 834 sibi
1002 785 1208 862 opponentur
1274 763 1277 771 Α

112 869 233 951 pisoni
251 891 284 932 τι
306 872 360 932 καὶ
382 867 591 952 ἀφορμίοντι,
629 869 817 934 manenti
845 881 882 935 et
911 870 1095 940 abeunti.
1140 875 1207 942 De·

114 969 193 1036 inde
213 969 466 1036 Tarentinorum
487 968 667 1034 secundum
687 969 889 1058 Hesychium
912 985 961 1037 est
982 981 1207 1062 etcopnpe.

115 1071 276 1154 όμιιιιιν,
310 1073 474 1147 sindona,
507 1069 596 1160 quod
616 1095 676 1160 pro
697 1070 968 1153 κλαυμαρούμινον
989 1097 1081 1158 esse,
1112 1077 1207 1144 docet

113 1195 256 1263 repens
279 1173 389 1264 glossa
412 1174 652 1256 κλαυμαριῖται,
677 1177 792 1255 κλαίει,
815 1171 1015 1240 ltaiiotarum
1037 1177 1122 1241 iraud
1145 1179 1204 1246 dn·

112 1275 169 1342 bie
196 1274 346 1361 ejusdem
376 1274 486 1364 glossa
515 1277 748 1360 παμωχὶων,
785 1275 986 1359 κεκτημένος,
1019 1275 1085 1342 vid.
1108 1279 1140 1362 ξ.
1164 1281 1205 1348 15

112 1377 225 1444 nuti
257 1389 290 1444 et
316 1375 349 1460 §-
372 1377 435 1459 25,
458 1375 489 1442 3.
515 1375 547 1442 d.
583 1415 625 1426 -
666 1373 797 1441 Deinde
825 1377 889 1442 iane
908 1376 1206 1464 pcrtinent'intnra

111 1489 276 1544 contacta
297 1477 429 1546 Horati.
452 1479 480 1557 1,
503 1477 546 1545 70
568 1477 769 1561 ἅναιγελῖοπι
789 1499 850 1568 pro
873 1475 1143 1566 ducyyaiosios„
1115 1481 1130 1546 1
1162 1485 1205 1550 81

113 1578 362 1664 ἀποκαθαρΙοπι
388 1602 449 1670 pro
472 1577 734 1664 ἇποιιαθαροῦσι,
771 1579 807 1660 1,
828 1577 870 1647 80
891 1581 1159 1663 ι’πικαταβαλίοιτι
1174 1581 1204 1668 ²)

111 1705 171 1772 pro
193 1683 472 1766 ἐπικαταβαλοῦσι.
518 1680 557 1746 ln
579 1679 698 1748 t'ntnris
721 1679 912 1757 verborum,
944 1705 1080 1772 qnorum
1104 1684 1204 1776 stirpe

112 1807 177 1851 non
208 1783 276 1850 exit
306 1783 341 1848 in
379 1781 560 1872 liquidam,
596 1783 725 1848 tabulae
754 1781 992 1850 Heracleenses
1025 1784 1201 1852 secundam

111 1885 342 1952 contractionis
369 1885 526 1951 rationem
561 1895 760 2002 secpnnntnr,
793 1882 860 1948 vid.
892 1907 943 1950 nr.
969 1885 1072 1952 2.-
1115 1886 1203 1954 Tnm

110 1987 225 2052 endem
247 1988 379 2056 mutatio
400 1985 588 2075 agnoscitur
609 1986 645 2052 in
666 1987 894 2069 ἐγῐὴληθίωιτι
915 1986 1045 2053 Hercei.
1071 1989 1099 2073 1,
1126 1989 1201 2072 101,

110 2088 200 2178 quod
223 2098 272 2156 est
292 2113 351 2180 pro
373 2089 602 2167 ἐξιιληθὲωπι,
627 2089 812 2178 ἐξειληᾷὤσι
832 2086 874 2152 ab
890 2089 991 2167 ιίλέω,
1014 2089 1081 2154 vid.
1099 2091 1130 2174 ἓ.
1144 2091 1201 2172 20,

109 2190 142 2258 0.
166 2231 207 2244 -
252 2189 441 2310 Sipgnlaris
463 2201 513 2256 est
533 2189 696 2279 genitivus
721 2188 978 2273 Τιμοκράτιοςῐ,
1002 2192 1077 2274 118,
1100 2217 1201 2284 quum

108 2303 274 2382 praeterea
297 2293 332 2359 in
353 2294 413 2358 irae
433 2290 660 2358 terminatione
684 2315 697 2354 a
720 2302 882 2368 servetur,
907 2291 971 2358 vid.
993 2293 1072 2358 infr.
1096 2317 1147 2359 nr.
1165 2297 1198 2362 1

7 2455 8 2464 ,
108 2435 151 2448 -
192 2395 365 2462 Postremo
394 2393 666 2461 commemorandi
699 2404 777 2458 sunt
796 2393 1025 2492 pronominum
1047 2417 1201 2483 persona·

107 2495 190 2562 liuns
217 2496 359 2587 genitivi
386 2496 426 2562 ab
448 2492 628 2584 Apollonio
657 2517 675 2558 e
697 2473 890 2558 Rhiuthoue
907 2493 1087 2560 Tarentino
1109 2497 1200 2566 alieti

108 2597 244 2679 ipio,’
228 2601 319 2679 ιμίω,
353 2599 445 2678 ἐμίως
474 2607 506 2662 et
526 2595 598 2670 cta,
634 2595 724 2669 ciacc,
759 2591 879 2682 quibus
908 2593 1016 2660 simile
1044 2605 1094 2661 est
1121 2600 1198 2674 si,oc

107 2697 197 2788 quod
225 2697 312 2766 idem
333 2698 493 2766 Doricum
526 2694 625 2778 dieit3
666 2719 740 2760 nrm
766 2705 898 2784 apparet
926 2719 982 2761 ess
1011 2697 1131 2764 formas
1159 2721 1199 2764 ex

107 2801 198 2883 ἐμέο,
232 2803 319 2884 ἰμιίς
340 2811 373 2868 et
393 2802 462 2878 edo,
495 2799 564 2874 ec'oc
586 2807 677 2864 naus
699 2819 785 2864 esse.
842 2796 1053 2865 Aeenratiora
1074 2798 1141 2864 vid.
1166 2803 1197 2884 ξ.

106 2903 172 2988 32,
193 2903 227 2970 2.

193 3005 284 3072 Inter
306 3003 454 3070 Creticos
482 3001 596 3070 titulos
626 3002 747 3069 similia
774 3001 930 3092 praebent
952 3001 1067 3068 ioedne
1087 3001 1198 3073 Latio·

105 3129 180 3174 rana
200 3117 234 3174 et
254 3105 463 3174 Olontiornna
484 3131 535 3172 nr.
547 3105 651 3188 2551,
673 3107 807 3186 horam,
831 3115 866 3168 ut
887 3102 1036 3186 videtur,
1058 3104 1197 3174 dialecto

106 3231 230 3287 usnna‚.
254 3221 287 3274 et
308 3207 435 3275 decreta
457 3207 672 3274 lstroniorum
694 3231 744 3274 nr.
768 3206 870 3289 3018,
905 3203 1122 3293 Sybritiornnr
1144 3232 1194 3274 nr.

105 3309 212 3396 3019,
234 3310 402 3378 Latiorum
422 3334 473 3392 pr.
493 3309 576 3376 3058
597 3320 630 3374 et
651 3309 797 3384 tortasse
810 3305 1122 3374 Eleutheruaeorum
1143 3333 1194 3376 nr.

105 3412 202 3482 3017.
256 3411 430 3502 Leguntur
451 3409 538 3478 onim
560 3414 738 3494 κοσμιόιτις
759 3409 852 3478 3019.
877 3408 982 3491 3058,
1015 3407 1196 3494 ὁρμιόμιιοι

143 3655 174 3718 1)
210 3653 245 3707 In
272 3669 339 3708 aere
364 3665 507 3710 exaratam
534 3653 654 3711 traditur
681 3651 914 3719 innotuerim,
950 3650 1068 3706 berbm
1095 3649 1195 3715 terne,

103 3757 187 3810 quern
207 3739 351 3810 proverbi
370 3739 562 3808 incauteriatur
582 3743 675 3796 tuturo
693 3741 838 3795 venditare
856 3753 910 3792 non
929 3738 1106 3792 erubuerunt.
1136 3736 1195 3790 Nos

104 3845 137 3882 en
160 3829 313 3882 mutacione
335 3827 391 3894 (ΑΙ
408 3844 460 3897 pro
477 3830 531 3889 Ν),
560 3845 632 3896 quse
655 3828 736 3884 etiarn
760 3829 789 3881 in
814 3827 866 3880 hoc
889 3825 971 3880 titulo
988 3824 1195 3878 accuratissime

104 3915 150 3988 pel
169 3923 285 3968 exarato
305 3913 348 3967 vel
369 3930 505 3984 expresso
523 3914 622 3981 liceat,
649 3931 738 3984 aeque
758 3913 872 3982 linguae
891 3911 1015 3966 Graecae
1031 3921 1060 3965 et
1078 3909 1194 3964 disiecti

104 4001 262 4056 ltalioticae
281 3999 394 4068 iegibus
419 4001 603 4055 satisfacimus
627 4013 710 4070 atque
735 3999 887 4056 sententiae
913 3998 1089 4052 consulimus.
1133 3997 1194 4050 Jana

102 4089 176 4142 enim
203 4091 231 4141 in
256 4089 298 4142 soi
322 4087 477 4150 πολιάνομοι
500 4089 729 4156 ἐπικαταβαλίοντι
751 4087 793 4138 καὶ
818 4083 969 4146 inuenerint
996 4101 1052 4137 vox
1069 4087 1194 4136 ἐπικατα-

100 4175 194 4245 βάλλιι
212 4173 248 4227 de
267 4175 378 4228 mulctis
396 4175 472 4230 dicta
497 4187 539 4230 est
562 4185 591 4230 ut
617 4176 700 4244 vulgo
721 4171 868 4240 ἐπιβάλλω,
896 4189 979 4240 quum
1003 4171 1194 4236 ἰπιιαταβαίνω

101 4271 208 4315 tenere
228 4277 281 4332 prn
298 4261 468 4336 ἐπεξέρχομαι
485 4263 589 4318 dictam
609 4279 669 4318 esse
688 4262 825 4318 credatur.

148 4371 195 4438 11.
958 4373 998 4438 14
