<?xml version="1.0" encoding="UTF-8"?>
<!DOCTYPE html PUBLIC "-//W3C//DTD XHTML 1.0 Transitional//EN"
    "http://www.w3.org/TR/xhtml1/DTD/xhtml1-transitional.dtd">
<html xmlns="http://www.w3.org/1999/xhtml" xml:lang="en" lang="en">
 <head>
  <title>
</title>
<meta http-equiv="Content-Type" content="text/html;charset=utf-8" />
  <meta name='ocr-system' content='tesseract 3.04.00' />
  <meta name='ocr-capabilities' content='ocr_page ocr_carea ocr_par ocr_line ocrx_word'/>
</head>
<body>
  <div class='ocr_page' id='page_1' title='image "./degraccaelingua01ahregoog_0428.png"; bbox 0 0 2872 4780; ppageno 0'>
   <div class='ocr_carea' id='block_1_1' title="bbox 158 319 1239 420">
    <p class='ocr_par' dir='ltr' id='par_1_1' title="bbox 158 319 1239 420">
     <span class='ocr_line' id='line_1_1' title="bbox 158 319 1239 420; baseline 0.005 -23"><span class='ocrx_word' id='word_1_1' title='bbox 158 319 192 414; x_wconf 70' lang='grc'><strong>5.</strong></span> <span class='ocrx_word' id='word_1_2' title='bbox 218 321 277 398; x_wconf 82' lang='grc'><strong>15.</strong></span> <span class='ocrx_word' id='word_1_3' title='bbox 316 323 374 397; x_wconf 85' lang='lat' dir='ltr'><strong>De</strong></span> <span class='ocrx_word' id='word_1_4' title='bbox 394 321 476 398; x_wconf 83' lang='lat' dir='ltr'><strong>eliis</strong></span> <span class='ocrx_word' id='word_1_5' title='bbox 495 322 771 400; x_wconf 79' lang='lat' dir='ltr'><strong>consonantium</strong></span> <span class='ocrx_word' id='word_1_6' title='bbox 787 322 1111 420; x_wconf 81' lang='lat' dir='ltr'><strong>conjunctionibus.</strong></span> <span class='ocrx_word' id='word_1_7' title='bbox 1164 323 1239 402; x_wconf 77' lang='lat' dir='ltr'><strong>lot</strong></span> 
     </span>
    </p>
   </div>
   <div class='ocr_carea' id='block_1_2' title="bbox 154 525 1240 927">
    <p class='ocr_par' dir='ltr' id='par_1_2' title="bbox 154 525 1240 927">
     <span class='ocr_line' id='line_1_2' title="bbox 155 525 1238 621; baseline 0.005 -28"><span class='ocrx_word' id='word_1_8' title='bbox 155 525 321 617; x_wconf 67' lang='lat' dir='ltr'><strong>genitivus</strong></span> <span class='ocrx_word' id='word_1_9' title='bbox 344 529 480 621; x_wconf 89' lang='lat' dir='ltr'><strong>pluralis</strong></span> <span class='ocrx_word' id='word_1_10' title='bbox 508 534 640 614; x_wconf 78' lang='grc' dir='ltr'><strong>μοισᾶν,</strong></span> <span class='ocrx_word' id='word_1_11' title='bbox 683 551 816 621; x_wconf 83' lang='lat' dir='ltr'><strong>quarum</strong></span> <span class='ocrx_word' id='word_1_12' title='bbox 845 532 1019 597; x_wconf 88' lang='lat' dir='ltr'><strong>lormarum</strong></span> <span class='ocrx_word' id='word_1_13' title='bbox 1044 553 1110 596; x_wconf 92' lang='lat' dir='ltr'><strong>uon</strong></span> <span class='ocrx_word' id='word_1_14' title='bbox 1139 531 1238 599; x_wconf 85' lang='lat' dir='ltr'><strong>altera</strong></span> 
     </span>
     <span class='ocr_line' id='line_1_3' title="bbox 154 629 1239 722; baseline 0.004 -26"><span class='ocrx_word' id='word_1_15' title='bbox 154 629 262 696; x_wconf 83' lang='lat' dir='ltr'><strong>sulum</strong></span> <span class='ocrx_word' id='word_1_16' title='bbox 283 630 343 696; x_wconf 83' lang='lat' dir='ltr'><strong>sed</strong></span> <span class='ocrx_word' id='word_1_17' title='bbox 364 641 499 722; x_wconf 81' lang='lat' dir='ltr'><strong>utraque</strong></span> <span class='ocrx_word' id='word_1_18' title='bbox 520 643 671 722; x_wconf 83' lang='lat' dir='ltr'><strong>corrupta</strong></span> <span class='ocrx_word' id='word_1_19' title='bbox 690 633 832 722; x_wconf 82' lang='lat' dir='ltr'><strong>putanda</strong></span> <span class='ocrx_word' id='word_1_20' title='bbox 852 643 912 699; x_wconf 88' lang='lat' dir='ltr'><strong>est.</strong></span> <span class='ocrx_word' id='word_1_21' title='bbox 955 633 1038 700; x_wconf 87' lang='lat' dir='ltr'><strong>Nam</strong></span> <span class='ocrx_word' id='word_1_22' title='bbox 1053 633 1156 714; x_wconf 76' lang='grc' dir='ltr'><strong><em>μοῦσα</em></strong></span> <span class='ocrx_word' id='word_1_23' title='bbox 1176 633 1239 700; x_wconf 79' lang='lat' dir='ltr'><strong>ibi-</strong></span> 
     </span>
     <span class='ocr_line' id='line_1_4' title="bbox 154 730 1240 824; baseline 0.002 -26"><span class='ocrx_word' id='word_1_24' title='bbox 154 730 230 798; x_wconf 79' lang='lat' dir='ltr'><strong>dem</strong></span> <span class='ocrx_word' id='word_1_25' title='bbox 260 743 348 798; x_wconf 80' lang='lat' dir='ltr'><strong>recte</strong></span> <span class='ocrx_word' id='word_1_26' title='bbox 375 732 515 819; x_wconf 76' lang='lat' dir='ltr'><strong>Atticis,</strong></span> <span class='ocrx_word' id='word_1_27' title='bbox 548 733 703 818; x_wconf 83' lang='lat' dir='ltr'><strong>Ionibus,</strong></span> <span class='ocrx_word' id='word_1_28' title='bbox 738 734 949 824; x_wconf 66' lang='lat' dir='ltr'><strong>Syracusanis</strong></span> <span class='ocrx_word' id='word_1_29' title='bbox 978 735 1093 820; x_wconf 81' lang='lat' dir='ltr'><strong>datur,</strong></span> <span class='ocrx_word' id='word_1_30' title='bbox 1125 739 1240 819; x_wconf 59' lang='lat' dir='ltr'><strong>poison</strong></span> 
     </span>
     <span class='ocr_line' id='line_1_5' title="bbox 155 831 1238 927; baseline 0.006 -29"><span class='ocrx_word' id='word_1_31' title='bbox 155 856 234 900; x_wconf 82' lang='lat' dir='ltr'><strong>vcro</strong></span> <span class='ocrx_word' id='word_1_32' title='bbox 253 833 448 901; x_wconf 85' lang='lat' dir='ltr'><strong>Lesbiacum</strong></span> <span class='ocrx_word' id='word_1_33' title='bbox 470 845 574 922; x_wconf 88' lang='lat' dir='ltr'><strong>esset,</strong></span> <span class='ocrx_word' id='word_1_34' title='bbox 607 835 673 902; x_wconf 80' lang='lat' dir='ltr'><strong>vid.</strong></span> <span class='ocrx_word' id='word_1_35' title='bbox 697 836 777 901; x_wconf 84' lang='lat' dir='ltr'><strong>L.1</strong></span> <span class='ocrx_word' id='word_1_36' title='bbox 808 831 840 925; x_wconf 89' lang='grc'><strong>5.</strong></span> <span class='ocrx_word' id='word_1_37' title='bbox 864 837 916 904; x_wconf 87' lang='grc'><strong>10.</strong></span> <span class='ocrx_word' id='word_1_38' title='bbox 972 837 1104 926; x_wconf 81' lang='lat' dir='ltr'><strong>ltaque,</strong></span> <span class='ocrx_word' id='word_1_39' title='bbox 1136 857 1238 927; x_wconf 81' lang='lat' dir='ltr'><strong>quum</strong></span> 
     </span>
    </p>
   </div>
   <div class='ocr_carea' id='block_1_3' title="bbox 156 925 1393 1028">
    <p class='ocr_par' dir='ltr' id='par_1_3' title="bbox 156 925 1393 1028">
     <span class='ocr_line' id='line_1_6' title="bbox 156 925 1393 1028; baseline 0.005 -29"><span class='ocrx_word' id='word_1_40' title='bbox 156 947 295 1024; x_wconf 82' lang='lat' dir='ltr'><strong>quatuor</strong></span> <span class='ocrx_word' id='word_1_41' title='bbox 314 925 404 1003; x_wconf 78' lang='lat' dir='ltr'><strong>vocis</strong></span> <span class='ocrx_word' id='word_1_42' title='bbox 423 938 546 1004; x_wconf 76' lang='lat' dir='ltr'><strong>formae</strong></span> <span class='ocrx_word' id='word_1_43' title='bbox 573 941 695 1020; x_wconf 81' lang='grc' dir='ltr'><strong>μοῦσα,</strong></span> <span class='ocrx_word' id='word_1_44' title='bbox 727 937 841 1019; x_wconf 70' lang='lat' dir='ltr'><strong>psoius,</strong></span> <span class='ocrx_word' id='word_1_45' title='bbox 873 941 983 1022; x_wconf 72' lang='grc' dir='ltr'><strong>μῶσα,</strong></span> <span class='ocrx_word' id='word_1_46' title='bbox 1015 944 1085 1021; x_wconf 76' lang='lat' dir='ltr'><strong>poio</strong></span> <span class='ocrx_word' id='word_1_47' title='bbox 1109 948 1240 1028; x_wconf 66' lang='lat' dir='ltr'><strong>praeter:</strong></span> <span class='ocrx_word' id='word_1_48' title='bbox 1384 939 1393 962; x_wconf 82' lang='lat'><strong><em>¹</em></strong></span> 
     </span>
    </p>
   </div>
   <div class='ocr_carea' id='block_1_4' title="bbox 105 1037 1239 3074">
    <p class='ocr_par' dir='ltr' id='par_1_4' title="bbox 105 1037 1238 1409">
     <span class='ocr_line' id='line_1_7' title="bbox 156 1037 1238 1130; baseline 0.002 -28"><span class='ocrx_word' id='word_1_49' title='bbox 156 1037 339 1126; x_wconf 71' lang='lat' dir='ltr'><strong>Rheginum</strong></span> <span class='ocrx_word' id='word_1_50' title='bbox 370 1037 459 1104; x_wconf 89' lang='lat' dir='ltr'><strong>illam</strong></span> <span class='ocrx_word' id='word_1_51' title='bbox 489 1050 737 1125; x_wconf 78' lang='lat' dir='ltr'><strong>enumerentur,</strong></span> <span class='ocrx_word' id='word_1_52' title='bbox 783 1039 896 1130; x_wconf 87' lang='lat' dir='ltr'><strong>quinta</strong></span> <span class='ocrx_word' id='word_1_53' title='bbox 925 1039 1101 1128; x_wconf 72' lang='lat' dir='ltr'><strong>excogitari</strong></span> <span class='ocrx_word' id='word_1_54' title='bbox 1130 1049 1238 1130; x_wconf 86' lang='lat' dir='ltr'><strong>potaat</strong></span> 
     </span>
     <span class='ocr_line' id='line_1_8' title="bbox 155 1139 1237 1233; baseline 0.002 -29"><span class='ocrx_word' id='word_1_55' title='bbox 155 1139 246 1204; x_wconf 90' lang='lat' dir='ltr'><strong>nulla</strong></span> <span class='ocrx_word' id='word_1_56' title='bbox 266 1151 491 1232; x_wconf 72' lang='lat' dir='ltr'><strong>praeterquam</strong></span> <span class='ocrx_word' id='word_1_57' title='bbox 517 1141 619 1223; x_wconf 67' lang='lat' dir='ltr'><strong>planu</strong></span> <span class='ocrx_word' id='word_1_58' title='bbox 645 1155 678 1209; x_wconf 86' lang='lat' dir='ltr'><strong>st</strong></span> <span class='ocrx_word' id='word_1_59' title='bbox 698 1141 1001 1232; x_wconf 55' lang='lat' dir='ltr'><strong>pompilonensis,</strong></span> <span class='ocrx_word' id='word_1_60' title='bbox 1035 1161 1151 1233; x_wconf 84' lang='lat' dir='ltr'><strong>quarn,</strong></span> <span class='ocrx_word' id='word_1_61' title='bbox 1184 1163 1237 1206; x_wconf 88' lang='lat' dir='ltr'><strong>ea·</strong></span> 
     </span>
     <span class='ocr_line' id='line_1_9' title="bbox 105 1239 1237 1334; baseline 0.003 -27"><span class='ocrx_word' id='word_1_62' title='bbox 105 1291 112 1298; x_wconf 83' lang='lat'>-</span> <span class='ocrx_word' id='word_1_63' title='bbox 153 1239 229 1307; x_wconf 88' lang='lat' dir='ltr'><strong>alem</strong></span> <span class='ocrx_word' id='word_1_64' title='bbox 250 1242 432 1332; x_wconf 77' lang='lat' dir='ltr'><strong>corruptele</strong></span> <span class='ocrx_word' id='word_1_65' title='bbox 452 1243 578 1332; x_wconf 66' lang='lat' dir='ltr'><strong>agnita,</strong></span> <span class='ocrx_word' id='word_1_66' title='bbox 611 1241 767 1332; x_wconf 70' lang='lat' dir='ltr'><strong>Argiuam</strong></span> <span class='ocrx_word' id='word_1_67' title='bbox 788 1243 904 1310; x_wconf 82' lang='lat' dir='ltr'><strong>dictam</strong></span> <span class='ocrx_word' id='word_1_68' title='bbox 925 1244 1027 1310; x_wconf 84' lang='lat' dir='ltr'><strong>luisse</strong></span> <span class='ocrx_word' id='word_1_69' title='bbox 1046 1263 1237 1334; x_wconf 83' lang='lat' dir='ltr'><strong>persuasum</strong></span> 
     </span>
     <span class='ocr_line' id='line_1_10' title="bbox 152 1343 320 1409; baseline -0.006 0"><span class='ocrx_word' id='word_1_70' title='bbox 152 1343 320 1409; x_wconf 76' lang='lat' dir='ltr'><strong>habemus.</strong></span> 
     </span>
    </p>

    <p class='ocr_par' dir='ltr' id='par_1_5' title="bbox 152 1441 1239 3074">
     <span class='ocr_line' id='line_1_11' title="bbox 238 1441 1236 1538; baseline 0.001 -27"><span class='ocrx_word' id='word_1_71' title='bbox 238 1445 274 1526; x_wconf 78' lang='lat' dir='ltr'><strong>l)</strong></span> <span class='ocrx_word' id='word_1_72' title='bbox 317 1441 420 1513; x_wconf 74' lang='lat' dir='ltr'><strong>vites</strong></span> <span class='ocrx_word' id='word_1_73' title='bbox 441 1447 542 1537; x_wconf 73' lang='lat' dir='ltr'><strong>igitur</strong></span> <span class='ocrx_word' id='word_1_74' title='bbox 561 1449 655 1516; x_wconf 87' lang='lat' dir='ltr'><strong>istam</strong></span> <span class='ocrx_word' id='word_1_75' title='bbox 670 1447 869 1538; x_wconf 73' lang='lat' dir='ltr'><strong>Argivorum</strong></span> <span class='ocrx_word' id='word_1_76' title='bbox 890 1457 922 1514; x_wconf 88' lang='lat' dir='ltr'><strong>et</strong></span> <span class='ocrx_word' id='word_1_77' title='bbox 935 1447 1141 1514; x_wconf 78' lang='lat' dir='ltr'><strong>Cretensium</strong></span> <span class='ocrx_word' id='word_1_78' title='bbox 1163 1466 1236 1538; x_wconf 90' lang='lat' dir='ltr'><strong>pro·</strong></span> 
     </span>
     <span class='ocr_line' id='line_1_12' title="bbox 152 1547 1237 1640; baseline -0.001 -26"><span class='ocrx_word' id='word_1_79' title='bbox 152 1547 322 1640; x_wconf 84' lang='lat' dir='ltr'><strong>prietatem</strong></span> <span class='ocrx_word' id='word_1_80' title='bbox 343 1549 482 1640; x_wconf 88' lang='lat' dir='ltr'><strong>primum</strong></span> <span class='ocrx_word' id='word_1_81' title='bbox 507 1547 542 1615; x_wconf 90' lang='lat' dir='ltr'><strong>iu</strong></span> <span class='ocrx_word' id='word_1_82' title='bbox 564 1551 769 1619; x_wconf 73' lang='lat' dir='ltr'><strong>nominativis</strong></span> <span class='ocrx_word' id='word_1_83' title='bbox 790 1551 902 1618; x_wconf 88' lang='lat' dir='ltr'><strong>tertiae</strong></span> <span class='ocrx_word' id='word_1_84' title='bbox 925 1549 1171 1633; x_wconf 85' lang='lat' dir='ltr'><strong>declinationis,</strong></span> <span class='ocrx_word' id='word_1_85' title='bbox 1200 1557 1237 1614; x_wconf 88' lang='lat' dir='ltr'><strong>nt</strong></span> 
     </span>
     <span class='ocr_line' id='line_1_13' title="bbox 152 1649 1237 1742; baseline 0.001 -28"><span class='ocrx_word' id='word_1_86' title='bbox 152 1649 277 1736; x_wconf 70' lang='grc' dir='ltr'><strong>τιθὲνς,</strong></span> <span class='ocrx_word' id='word_1_87' title='bbox 316 1655 449 1736; x_wconf 71' lang='lat' dir='ltr'><strong>Tlpuve,</strong></span> <span class='ocrx_word' id='word_1_88' title='bbox 482 1652 598 1720; x_wconf 82' lang='lat' dir='ltr'><strong>deinde</strong></span> <span class='ocrx_word' id='word_1_89' title='bbox 626 1655 661 1720; x_wconf 89' lang='lat' dir='ltr'><strong>iu</strong></span> <span class='ocrx_word' id='word_1_90' title='bbox 689 1651 855 1719; x_wconf 76' lang='lat' dir='ltr'><strong>femininis</strong></span> <span class='ocrx_word' id='word_1_91' title='bbox 876 1649 1119 1742; x_wconf 70' lang='lat' dir='ltr'><strong>participiorum</strong></span> <span class='ocrx_word' id='word_1_92' title='bbox 1141 1659 1175 1716; x_wconf 82' lang='lat' dir='ltr'><strong>et</strong></span> <span class='ocrx_word' id='word_1_93' title='bbox 1194 1649 1237 1716; x_wconf 83' lang='lat' dir='ltr'><strong>si·</strong></span> 
     </span>
     <span class='ocr_line' id='line_1_14' title="bbox 154 1751 1236 1841; baseline 0 -24"><span class='ocrx_word' id='word_1_94' title='bbox 154 1751 281 1818; x_wconf 88' lang='lat' dir='ltr'><strong>anilium</strong></span> <span class='ocrx_word' id='word_1_95' title='bbox 304 1753 493 1840; x_wconf 86' lang='lat' dir='ltr'><strong>nominum,</strong></span> <span class='ocrx_word' id='word_1_96' title='bbox 518 1765 555 1821; x_wconf 93' lang='lat' dir='ltr'><strong>ut</strong></span> <span class='ocrx_word' id='word_1_97' title='bbox 575 1757 775 1841; x_wconf 79' lang='grc' dir='ltr'><strong>ὑπάρχονσα,</strong></span> <span class='ocrx_word' id='word_1_98' title='bbox 795 1754 919 1838; x_wconf 70' lang='lat' dir='ltr'><strong>niaco,</strong></span> <span class='ocrx_word' id='word_1_99' title='bbox 938 1752 1078 1838; x_wconf 77' lang='lat' dir='ltr'><strong>Mlauu3</strong></span> <span class='ocrx_word' id='word_1_100' title='bbox 1110 1763 1179 1818; x_wconf 87' lang='lat' dir='ltr'><strong>tuna</strong></span> <span class='ocrx_word' id='word_1_101' title='bbox 1200 1751 1236 1817; x_wconf 82' lang='lat' dir='ltr'><strong>iu</strong></span> 
     </span>
     <span class='ocr_line' id='line_1_15' title="bbox 155 1852 1239 1948; baseline -0.001 -28"><span class='ocrx_word' id='word_1_102' title='bbox 155 1853 336 1921; x_wconf 81' lang='lat' dir='ltr'><strong>accusativo</strong></span> <span class='ocrx_word' id='word_1_103' title='bbox 363 1855 482 1945; x_wconf 80' lang='lat' dir='ltr'><strong>plurali</strong></span> <span class='ocrx_word' id='word_1_104' title='bbox 507 1859 632 1948; x_wconf 87' lang='lat' dir='ltr'><strong>primae</strong></span> <span class='ocrx_word' id='word_1_105' title='bbox 661 1868 694 1924; x_wconf 87' lang='lat' dir='ltr'><strong>et</strong></span> <span class='ocrx_word' id='word_1_106' title='bbox 724 1852 883 1924; x_wconf 80' lang='lat' dir='ltr'><strong>secundae</strong></span> <span class='ocrx_word' id='word_1_107' title='bbox 913 1854 1159 1939; x_wconf 82' lang='lat' dir='ltr'><strong>declinationis,</strong></span> <span class='ocrx_word' id='word_1_108' title='bbox 1201 1861 1239 1919; x_wconf 88' lang='lat' dir='ltr'><strong>nt</strong></span> 
     </span>
     <span class='ocr_line' id='line_1_16' title="bbox 155 1954 1235 2051; baseline -0.002 -29"><span class='ocrx_word' id='word_1_109' title='bbox 155 1957 370 2046; x_wconf 73' lang='lat' dir='ltr'><strong>upasyunoiae,</strong></span> <span class='ocrx_word' id='word_1_110' title='bbox 400 1959 489 2046; x_wconf 69' lang='grc' dir='ltr'><strong>τόνς,</strong></span> <span class='ocrx_word' id='word_1_111' title='bbox 525 1969 689 2051; x_wconf 87' lang='lat' dir='ltr'><strong>postremo</strong></span> <span class='ocrx_word' id='word_1_112' title='bbox 709 1959 745 2025; x_wconf 86' lang='lat' dir='ltr'><strong>iu</strong></span> <span class='ocrx_word' id='word_1_113' title='bbox 764 1957 1004 2049; x_wconf 73' lang='lat' dir='ltr'><strong>praepositione</strong></span> <span class='ocrx_word' id='word_1_114' title='bbox 1027 1958 1076 2033; x_wconf 74' lang='lat' dir='ltr'><strong>lac</strong></span> <span class='ocrx_word' id='word_1_115' title='bbox 1095 1965 1129 2022; x_wconf 83' lang='lat' dir='ltr'><strong>et</strong></span> <span class='ocrx_word' id='word_1_116' title='bbox 1147 1954 1235 2020; x_wconf 68' lang='lat' dir='ltr'><strong>NJ).</strong></span> 
     </span>
     <span class='ocr_line' id='line_1_17' title="bbox 156 2053 1239 2150; baseline -0.004 -24"><span class='ocrx_word' id='word_1_117' title='bbox 156 2059 348 2145; x_wconf 75' lang='grc' dir='ltr'><strong>Πριᾶνσιος.</strong></span> <span class='ocrx_word' id='word_1_118' title='bbox 392 2061 466 2128; x_wconf 86' lang='lat' dir='ltr'><strong>Jaur</strong></span> <span class='ocrx_word' id='word_1_119' title='bbox 487 2061 564 2129; x_wconf 81' lang='lat' dir='ltr'><strong>oliuu</strong></span> <span class='ocrx_word' id='word_1_120' title='bbox 585 2061 753 2129; x_wconf 79' lang='lat' dir='ltr'><strong>docuimus</strong></span> <span class='ocrx_word' id='word_1_121' title='bbox 776 2061 830 2142; x_wconf 84' lang='lat' dir='ltr'><strong>(L.</strong></span> <span class='ocrx_word' id='word_1_122' title='bbox 853 2061 869 2126; x_wconf 92' lang='lat' dir='ltr'><strong>l</strong></span> <span class='ocrx_word' id='word_1_123' title='bbox 898 2053 1029 2150; x_wconf 76' lang='grc'><strong>510),</strong></span> <span class='ocrx_word' id='word_1_124' title='bbox 1053 2055 1239 2149; x_wconf 77' lang='lat' dir='ltr'><strong>antiquissi-</strong></span> 
     </span>
     <span class='ocr_line' id='line_1_18' title="bbox 152 2157 1238 2254; baseline -0.006 -23"><span class='ocrx_word' id='word_1_125' title='bbox 152 2187 225 2231; x_wconf 86' lang='lat' dir='ltr'><strong>mae</strong></span> <span class='ocrx_word' id='word_1_126' title='bbox 246 2164 377 2254; x_wconf 72' lang='lat' dir='ltr'><strong>linguae</strong></span> <span class='ocrx_word' id='word_1_127' title='bbox 398 2163 433 2229; x_wconf 91' lang='lat' dir='ltr'><strong>in</strong></span> <span class='ocrx_word' id='word_1_128' title='bbox 454 2164 506 2230; x_wconf 84' lang='lat' dir='ltr'><strong>lais</strong></span> <span class='ocrx_word' id='word_1_129' title='bbox 524 2165 638 2232; x_wconf 81' lang='lat' dir='ltr'><strong>formis</strong></span> <span class='ocrx_word' id='word_1_130' title='bbox 658 2163 794 2254; x_wconf 72' lang='lat' dir='ltr'><strong>vestigia</strong></span> <span class='ocrx_word' id='word_1_131' title='bbox 816 2185 989 2254; x_wconf 78' lang='lat' dir='ltr'><strong>apparere3</strong></span> <span class='ocrx_word' id='word_1_132' title='bbox 1021 2157 1122 2245; x_wconf 82' lang='lat' dir='ltr'><strong>adde,</strong></span> <span class='ocrx_word' id='word_1_133' title='bbox 1150 2159 1238 2250; x_wconf 80' lang='lat' dir='ltr'><strong>quod</strong></span> 
     </span>
     <span class='ocr_line' id='line_1_19' title="bbox 154 2263 1238 2358; baseline -0.006 -26"><span class='ocrx_word' id='word_1_134' title='bbox 154 2289 195 2332; x_wconf 81' lang='lat' dir='ltr'><strong>ex</strong></span> <span class='ocrx_word' id='word_1_135' title='bbox 216 2267 350 2357; x_wconf 88' lang='lat' dir='ltr'><strong>antiqno</strong></span> <span class='ocrx_word' id='word_1_136' title='bbox 372 2269 420 2342; x_wconf 68' lang='lat' dir='ltr'><strong>luc</strong></span> <span class='ocrx_word' id='word_1_137' title='bbox 441 2267 536 2333; x_wconf 90' lang='lat' dir='ltr'><strong>etiam</strong></span> <span class='ocrx_word' id='word_1_138' title='bbox 555 2265 654 2354; x_wconf 81' lang='lat' dir='ltr'><strong>hujus</strong></span> <span class='ocrx_word' id='word_1_139' title='bbox 676 2265 925 2358; x_wconf 72' lang='lat' dir='ltr'><strong>praepositionis</strong></span> <span class='ocrx_word' id='word_1_140' title='bbox 947 2263 1050 2330; x_wconf 84' lang='lat' dir='ltr'><strong>lorma</strong></span> <span class='ocrx_word' id='word_1_141' title='bbox 1071 2265 1102 2326; x_wconf 71' lang='grc' dir='ltr'><strong>ἐν</strong></span> <span class='ocrx_word' id='word_1_142' title='bbox 1118 2283 1178 2353; x_wconf 90' lang='lat' dir='ltr'><strong>pro</strong></span> <span class='ocrx_word' id='word_1_143' title='bbox 1193 2264 1238 2339; x_wconf 74' lang='lat' dir='ltr'><strong>eie,-</strong></span> 
     </span>
     <span class='ocr_line' id='line_1_20' title="bbox 153 2362 1237 2460; baseline -0.004 -26"><span class='ocrx_word' id='word_1_144' title='bbox 153 2367 189 2434; x_wconf 87' lang='lat' dir='ltr'><strong>lu</strong></span> <span class='ocrx_word' id='word_1_145' title='bbox 211 2367 455 2460; x_wconf 73' lang='lat' dir='ltr'><strong>septentrionali</strong></span> <span class='ocrx_word' id='word_1_146' title='bbox 476 2369 613 2436; x_wconf 85' lang='lat' dir='ltr'><strong>Graecia</strong></span> <span class='ocrx_word' id='word_1_147' title='bbox 634 2369 763 2460; x_wconf 85' lang='lat' dir='ltr'><strong>prodire</strong></span> <span class='ocrx_word' id='word_1_148' title='bbox 784 2367 909 2457; x_wconf 88' lang='lat' dir='ltr'><strong>potuit,</strong></span> <span class='ocrx_word' id='word_1_149' title='bbox 930 2365 996 2432; x_wconf 77' lang='lat' dir='ltr'><strong>vit.</strong></span> <span class='ocrx_word' id='word_1_150' title='bbox 1020 2365 1060 2430; x_wconf 82' lang='lat' dir='ltr'><strong>L.</strong></span> <span class='ocrx_word' id='word_1_151' title='bbox 1082 2362 1098 2429; x_wconf 92' lang='lat' dir='ltr'><strong>l</strong></span> <span class='ocrx_word' id='word_1_152' title='bbox 1126 2363 1159 2447; x_wconf 79' lang='grc'><strong>5.</strong></span> <span class='ocrx_word' id='word_1_153' title='bbox 1182 2363 1237 2448; x_wconf 77' lang='grc'><strong>51,</strong></span> 
     </span>
     <span class='ocr_line' id='line_1_21' title="bbox 153 2465 1238 2560; baseline -0.008 -22"><span class='ocrx_word' id='word_1_154' title='bbox 153 2469 229 2538; x_wconf 66' lang='grc' dir='ltr'>Μ</span> <span class='ocrx_word' id='word_1_155' title='bbox 249 2471 328 2538; x_wconf 79' lang='lat' dir='ltr'><strong>infr.</strong></span> <span class='ocrx_word' id='word_1_156' title='bbox 358 2471 467 2555; x_wconf 73' lang='grc'><strong>513.</strong></span> <span class='ocrx_word' id='word_1_157' title='bbox 519 2471 672 2538; x_wconf 88' lang='lat' dir='ltr'><strong>Ceterum</strong></span> <span class='ocrx_word' id='word_1_158' title='bbox 698 2469 847 2560; x_wconf 83' lang='lat' dir='ltr'><strong>plerique</strong></span> <span class='ocrx_word' id='word_1_159' title='bbox 873 2469 1001 2551; x_wconf 87' lang='lat' dir='ltr'><strong>Dores,</strong></span> <span class='ocrx_word' id='word_1_160' title='bbox 1043 2465 1139 2532; x_wconf 85' lang='lat' dir='ltr'><strong>etiam</strong></span> <span class='ocrx_word' id='word_1_161' title='bbox 1159 2465 1238 2530; x_wconf 81' lang='lat' dir='ltr'><strong>Cre·</strong></span> 
     </span>
     <span class='ocr_line' id='line_1_22' title="bbox 153 2566 1238 2665; baseline -0.006 -26"><span class='ocrx_word' id='word_1_162' title='bbox 153 2574 295 2640; x_wconf 90' lang='lat' dir='ltr'><strong>tensium</strong></span> <span class='ocrx_word' id='word_1_163' title='bbox 316 2574 420 2661; x_wconf 81' lang='lat' dir='ltr'><strong>major</strong></span> <span class='ocrx_word' id='word_1_164' title='bbox 439 2597 533 2665; x_wconf 89' lang='lat' dir='ltr'><strong>pars,</strong></span> <span class='ocrx_word' id='word_1_165' title='bbox 556 2593 629 2639; x_wconf 89' lang='lat' dir='ltr'><strong>cnm</strong></span> <span class='ocrx_word' id='word_1_166' title='bbox 650 2569 785 2662; x_wconf 87' lang='lat' dir='ltr'><strong>reliquis</strong></span> <span class='ocrx_word' id='word_1_167' title='bbox 802 2569 936 2636; x_wconf 86' lang='lat' dir='ltr'><strong>Graecis</strong></span> <span class='ocrx_word' id='word_1_168' title='bbox 955 2595 974 2632; x_wconf 71' lang='lat' dir='ltr'><strong>a</strong></span> <span class='ocrx_word' id='word_1_169' title='bbox 993 2577 1068 2632; x_wconf 88' lang='lat' dir='ltr'><strong>aute</strong></span> <span class='ocrx_word' id='word_1_170' title='bbox 1092 2589 1111 2631; x_wconf 89' lang='lat' dir='ltr'><strong>u</strong></span> <span class='ocrx_word' id='word_1_171' title='bbox 1131 2566 1238 2654; x_wconf 84' lang='lat' dir='ltr'><strong>ejecto</strong></span> 
     </span>
     <span class='ocr_line' id='line_1_23' title="bbox 155 2669 1239 2764; baseline -0.004 -24"><span class='ocrx_word' id='word_1_172' title='bbox 155 2675 285 2742; x_wconf 80' lang='lat' dir='ltr'><strong>brevem</strong></span> <span class='ocrx_word' id='word_1_173' title='bbox 314 2675 457 2742; x_wconf 83' lang='lat' dir='ltr'><strong>vocalem</strong></span> <span class='ocrx_word' id='word_1_174' title='bbox 483 2674 724 2742; x_wconf 84' lang='lat' dir='ltr'><strong>antecedentem</strong></span> <span class='ocrx_word' id='word_1_175' title='bbox 751 2672 993 2764; x_wconf 81' lang='lat' dir='ltr'><strong>produxerunt,</strong></span> <span class='ocrx_word' id='word_1_176' title='bbox 1035 2683 1068 2736; x_wconf 90' lang='lat' dir='ltr'><strong>et</strong></span> <span class='ocrx_word' id='word_1_177' title='bbox 1095 2669 1239 2736; x_wconf 83' lang='lat' dir='ltr'><strong>severior</strong></span> 
     </span>
     <span class='ocr_line' id='line_1_24' title="bbox 155 2771 1236 2868; baseline -0.008 -24"><span class='ocrx_word' id='word_1_178' title='bbox 155 2779 287 2868; x_wconf 81' lang='lat' dir='ltr'><strong>quidem</strong></span> <span class='ocrx_word' id='word_1_179' title='bbox 308 2777 408 2844; x_wconf 87' lang='lat' dir='ltr'><strong>Doris</strong></span> <span class='ocrx_word' id='word_1_180' title='bbox 430 2801 503 2844; x_wconf 90' lang='lat' dir='ltr'><strong>eum</strong></span> <span class='ocrx_word' id='word_1_181' title='bbox 522 2777 654 2844; x_wconf 87' lang='lat' dir='ltr'><strong>Boeotis</strong></span> <span class='ocrx_word' id='word_1_182' title='bbox 676 2801 690 2841; x_wconf 81' lang='lat' dir='ltr'><strong>a</strong></span> <span class='ocrx_word' id='word_1_183' title='bbox 711 2787 743 2842; x_wconf 87' lang='lat' dir='ltr'><strong>et</strong></span> <span class='ocrx_word' id='word_1_184' title='bbox 763 2801 781 2842; x_wconf 86' lang='lat' dir='ltr'><strong>o</strong></span> <span class='ocrx_word' id='word_1_185' title='bbox 801 2772 836 2840; x_wconf 89' lang='lat' dir='ltr'><strong>iu</strong></span> <span class='ocrx_word' id='word_1_186' title='bbox 857 2803 877 2854; x_wconf 88' lang='grc' dir='ltr'><em>η</em></span> <span class='ocrx_word' id='word_1_187' title='bbox 898 2785 932 2841; x_wconf 96' lang='lat' dir='ltr'><strong>et</strong></span> <span class='ocrx_word' id='word_1_188' title='bbox 953 2797 997 2860; x_wconf 82' lang='lat' dir='ltr'><strong>u,</strong></span> <span class='ocrx_word' id='word_1_189' title='bbox 1027 2771 1137 2838; x_wconf 84' lang='lat' dir='ltr'><strong>mitior</strong></span> <span class='ocrx_word' id='word_1_190' title='bbox 1162 2791 1236 2837; x_wconf 82' lang='lat' dir='ltr'><strong>cum</strong></span> 
     </span>
     <span class='ocr_line' id='line_1_25' title="bbox 156 2872 1237 2966; baseline -0.006 -21"><span class='ocrx_word' id='word_1_191' title='bbox 156 2881 292 2948; x_wconf 82' lang='lat' dir='ltr'><strong>louibus</strong></span> <span class='ocrx_word' id='word_1_192' title='bbox 313 2890 346 2947; x_wconf 89' lang='lat' dir='ltr'><strong>et</strong></span> <span class='ocrx_word' id='word_1_193' title='bbox 366 2877 485 2946; x_wconf 82' lang='lat' dir='ltr'><strong>Atticis</strong></span> <span class='ocrx_word' id='word_1_194' title='bbox 514 2879 549 2946; x_wconf 93' lang='lat' dir='ltr'><strong>iu</strong></span> <span class='ocrx_word' id='word_1_195' title='bbox 577 2903 605 2944; x_wconf 73' lang='lat' dir='ltr'><strong>aa</strong></span> <span class='ocrx_word' id='word_1_196' title='bbox 630 2887 663 2946; x_wconf 87' lang='lat' dir='ltr'><strong>ct</strong></span> <span class='ocrx_word' id='word_1_197' title='bbox 689 2903 747 2964; x_wconf 87' lang='lat' dir='ltr'><strong>ov,</strong></span> <span class='ocrx_word' id='word_1_198' title='bbox 790 2876 856 2946; x_wconf 80' lang='lat' dir='ltr'><strong>vid.</strong></span> <span class='ocrx_word' id='word_1_199' title='bbox 881 2872 912 2966; x_wconf 92' lang='grc'><strong>5.</strong></span> <span class='ocrx_word' id='word_1_200' title='bbox 935 2875 988 2944; x_wconf 83' lang='grc'><strong>20.</strong></span> <span class='ocrx_word' id='word_1_201' title='bbox 1039 2872 1237 2962; x_wconf 71' lang='lat' dir='ltr'><strong>trisyllabis</strong></span> 
     </span>
     <span class='ocr_line' id='line_1_26' title="bbox 154 2972 1235 3074; baseline -0.002 -26"><span class='ocrx_word' id='word_1_202' title='bbox 154 2981 308 3049; x_wconf 72' lang='lat' dir='ltr'><strong>finalibus</strong></span> <span class='ocrx_word' id='word_1_203' title='bbox 336 3003 412 3074; x_wconf 82' lang='lat' dir='ltr'><strong>pars</strong></span> <span class='ocrx_word' id='word_1_204' title='bbox 439 2982 650 3050; x_wconf 82' lang='lat' dir='ltr'><strong>Dorieusium</strong></span> <span class='ocrx_word' id='word_1_205' title='bbox 677 2981 808 3047; x_wconf 76' lang='lat' dir='ltr'><strong>breuem</strong></span> <span class='ocrx_word' id='word_1_206' title='bbox 833 2979 978 3049; x_wconf 78' lang='lat' dir='ltr'><strong>vocalem</strong></span> <span class='ocrx_word' id='word_1_207' title='bbox 1008 2972 1141 3072; x_wconf 77' lang='lat' dir='ltr'><strong>reliquit</strong></span> <span class='ocrx_word' id='word_1_208' title='bbox 1168 2972 1235 3046; x_wconf 72' lang='lat' dir='ltr'><strong>vid·</strong></span> 
     </span>
    </p>
   </div>
   <div class='ocr_carea' id='block_1_5' title="bbox 640 3341 749 3427">
    <p class='ocr_par' dir='ltr' id='par_1_6' title="bbox 640 3283 759 3427">
     <span class='ocr_line' id='line_1_27' title="bbox 640 3341 749 3427; baseline 0 -19"><span class='ocrx_word' id='word_1_209' title='bbox 640 3343 672 3427; x_wconf 70' lang='lat' dir='ltr'><strong>o.</strong></span> <span class='ocrx_word' id='word_1_210' title='bbox 698 3341 749 3408; x_wconf 83' lang='lat'><strong>15.</strong></span> 
     </span>
    </p>
   </div>
   <div class='ocr_carea' id='block_1_6' title="bbox 284 3481 1108 3560">
    <p class='ocr_par' dir='ltr' id='par_1_7' title="bbox 284 3481 1108 3560">
     <span class='ocr_line' id='line_1_28' title="bbox 284 3481 1108 3560; baseline -0.007 -24"><span class='ocrx_word' id='word_1_211' title='bbox 284 3483 344 3536; x_wconf 79' lang='lat' dir='ltr'><strong>lae</strong></span> <span class='ocrx_word' id='word_1_212' title='bbox 361 3481 447 3534; x_wconf 79' lang='grc' dir='ltr'>ιΙΙΙι</span> <span class='ocrx_word' id='word_1_213' title='bbox 470 3485 753 3560; x_wconf 68' lang='lat' dir='ltr'><strong>consumti-na</strong></span> <span class='ocrx_word' id='word_1_214' title='bbox 771 3481 1108 3545; x_wconf 74' lang='lat' dir='ltr'><strong>conjunctio-raas.</strong></span> 
     </span>
    </p>
   </div>
   <div class='ocr_carea' id='block_1_7' title="bbox 153 3593 1234 4000">
    <p class='ocr_par' dir='ltr' id='par_1_8' title="bbox 153 3593 1234 4000">
     <span class='ocr_line' id='line_1_29' title="bbox 241 3593 1233 3690; baseline -0.009 -22"><span class='ocrx_word' id='word_1_215' title='bbox 241 3603 274 3680; x_wconf 87' lang='lat' dir='ltr'><strong>l)</strong></span> <span class='ocrx_word' id='word_1_216' title='bbox 316 3599 407 3667; x_wconf 76' lang='lat' dir='ltr'><strong>stou</strong></span> <span class='ocrx_word' id='word_1_217' title='bbox 437 3621 511 3668; x_wconf 85' lang='lat' dir='ltr'><strong>cunr</strong></span> <span class='ocrx_word' id='word_1_218' title='bbox 543 3613 629 3667; x_wconf 86' lang='lat' dir='ltr'><strong>muta</strong></span> <span class='ocrx_word' id='word_1_219' title='bbox 667 3622 728 3690; x_wconf 91' lang='lat' dir='ltr'><strong>pro</strong></span> <span class='ocrx_word' id='word_1_220' title='bbox 764 3595 904 3686; x_wconf 85' lang='lat' dir='ltr'><strong>simplici</strong></span> <span class='ocrx_word' id='word_1_221' title='bbox 935 3615 1077 3660; x_wconf 86' lang='lat' dir='ltr'><strong>consona</strong></span> <span class='ocrx_word' id='word_1_222' title='bbox 1112 3605 1162 3660; x_wconf 89' lang='lat' dir='ltr'><strong>sat</strong></span> <span class='ocrx_word' id='word_1_223' title='bbox 1198 3593 1233 3659; x_wconf 88' lang='lat' dir='ltr'><strong>iu</strong></span> 
     </span>
     <span class='ocr_line' id='line_1_30' title="bbox 154 3695 1234 3794; baseline -0.007 -26"><span class='ocrx_word' id='word_1_224' title='bbox 154 3704 327 3790; x_wconf 75' lang='grc' dir='ltr'><strong><em>γδοῦπος</em></strong></span> <span class='ocrx_word' id='word_1_225' title='bbox 355 3725 415 3794; x_wconf 87' lang='lat' dir='ltr'><strong>pru</strong></span> <span class='ocrx_word' id='word_1_226' title='bbox 443 3705 575 3788; x_wconf 72' lang='grc' dir='ltr'><strong>δοῦπος,</strong></span> <span class='ocrx_word' id='word_1_227' title='bbox 618 3700 705 3794; x_wconf 87' lang='lat' dir='ltr'><strong>quud</strong></span> <span class='ocrx_word' id='word_1_228' title='bbox 725 3697 868 3788; x_wconf 85' lang='lat' dir='ltr'><strong>Epirotis</strong></span> <span class='ocrx_word' id='word_1_229' title='bbox 894 3696 1047 3762; x_wconf 84' lang='lat' dir='ltr'><strong>tribuitur</strong></span> <span class='ocrx_word' id='word_1_230' title='bbox 1073 3695 1112 3762; x_wconf 76' lang='lat' dir='ltr'><strong>uls</strong></span> <span class='ocrx_word' id='word_1_231' title='bbox 1132 3695 1234 3761; x_wconf 86' lang='lat' dir='ltr'><strong>llera·</strong></span> 
     </span>
     <span class='ocr_line' id='line_1_31' title="bbox 153 3795 1233 3896; baseline -0.008 -21"><span class='ocrx_word' id='word_1_232' title='bbox 153 3807 239 3875; x_wconf 83' lang='lat' dir='ltr'><strong>elide</strong></span> <span class='ocrx_word' id='word_1_233' title='bbox 260 3831 314 3896; x_wconf 87' lang='lat' dir='ltr'><strong>ap.</strong></span> <span class='ocrx_word' id='word_1_234' title='bbox 338 3803 484 3870; x_wconf 85' lang='lat' dir='ltr'><strong>Eustath.</strong></span> <span class='ocrx_word' id='word_1_235' title='bbox 510 3803 612 3890; x_wconf 87' lang='grc'><strong>1722,</strong></span> <span class='ocrx_word' id='word_1_236' title='bbox 634 3805 675 3870; x_wconf 77' lang='grc'><strong>44</strong></span> <span class='ocrx_word' id='word_1_237' title='bbox 704 3814 737 3868; x_wconf 91' lang='lat' dir='ltr'><strong>et</strong></span> <span class='ocrx_word' id='word_1_238' title='bbox 762 3801 797 3866; x_wconf 90' lang='lat' dir='ltr'><strong>iu</strong></span> <span class='ocrx_word' id='word_1_239' title='bbox 826 3797 1038 3881; x_wconf 75' lang='grc' dir='ltr'><strong>πτόλεμος,</strong></span> <span class='ocrx_word' id='word_1_240' title='bbox 1081 3795 1169 3890; x_wconf 79' lang='lat' dir='ltr'><strong>quoti</strong></span> <span class='ocrx_word' id='word_1_241' title='bbox 1188 3797 1233 3866; x_wconf 86' lang='lat' dir='ltr'><strong>le·</strong></span> 
     </span>
     <span class='ocr_line' id='line_1_32' title="bbox 154 3895 1233 4000; baseline -0.011 -23"><span class='ocrx_word' id='word_1_242' title='bbox 154 3910 244 4000; x_wconf 68' lang='lat' dir='ltr'><strong>gitur</strong></span> <span class='ocrx_word' id='word_1_243' title='bbox 273 3909 307 3974; x_wconf 86' lang='lat' dir='ltr'><strong>iu</strong></span> <span class='ocrx_word' id='word_1_244' title='bbox 329 3907 418 3976; x_wconf 83' lang='lat' dir='ltr'><strong>Cret.</strong></span> <span class='ocrx_word' id='word_1_245' title='bbox 441 3907 544 3992; x_wconf 75' lang='lat'><strong>2554,</strong></span> <span class='ocrx_word' id='word_1_246' title='bbox 568 3903 649 3990; x_wconf 76' lang='grc'><strong>1117,</strong></span> <span class='ocrx_word' id='word_1_247' title='bbox 691 3928 790 3996; x_wconf 86' lang='lat' dir='ltr'><strong>quum</strong></span> <span class='ocrx_word' id='word_1_248' title='bbox 818 3902 917 3992; x_wconf 76' lang='lat' dir='ltr'><strong>vulgo</strong></span> <span class='ocrx_word' id='word_1_249' title='bbox 939 3895 1134 3994; x_wconf 71' lang='lat' dir='ltr'><strong>Cypriorum</strong></span> <span class='ocrx_word' id='word_1_250' title='bbox 1162 3923 1233 3966; x_wconf 85' lang='lat' dir='ltr'><strong>esse</strong></span> 
     </span>
    </p>
   </div>
   <div class='ocr_carea' id='block_1_8' title="bbox 152 4087 1233 4287">
    <p class='ocr_par' dir='ltr' id='par_1_9' title="bbox 152 4087 1233 4287">
     <span class='ocr_line' id='line_1_33' title="bbox 153 4087 1233 4202; baseline -0.006 -17"><span class='ocrx_word' id='word_1_251' title='bbox 153 4129 189 4188; x_wconf 71' lang='lat' dir='ltr'><strong>‹o&#39;</strong></span> <span class='ocrx_word' id='word_1_252' title='bbox 202 4131 342 4184; x_wconf 70' lang='grc' dir='ltr'><strong>Βοιωτικὸν</strong></span> <span class='ocrx_word' id='word_1_253' title='bbox 357 4131 476 4198; x_wconf 72' lang='grc' dir='ltr'><strong>μουσάων</strong></span> <span class='ocrx_word' id='word_1_254' title='bbox 498 4129 603 4202; x_wconf 74' lang='lat' dir='ltr'><strong>(polluo</strong></span> <span class='ocrx_word' id='word_1_255' title='bbox 619 4087 753 4194; x_wconf 53' lang='lat' dir='ltr'><strong>mim·</strong></span> <span class='ocrx_word' id='word_1_256' title='bbox 787 4127 819 4186; x_wconf 70' lang='lat' dir='ltr'><strong>ti</strong></span> <span class='ocrx_word' id='word_1_257' title='bbox 840 4125 956 4198; x_wconf 63' lang='lat' dir='ltr'><strong>‘Purattu</strong></span> <span class='ocrx_word' id='word_1_258' title='bbox 976 4129 1068 4193; x_wconf 66' lang='lat' dir='ltr'><strong>mir</strong></span> <span class='ocrx_word' id='word_1_259' title='bbox 1090 4127 1158 4195; x_wconf 64' lang='lat' dir='ltr'><strong>(leg.</strong></span> <span class='ocrx_word' id='word_1_260' title='bbox 1172 4121 1233 4198; x_wconf 60' lang='lat' dir='ltr'><strong>&#39;Ap-</strong></span> 
     </span>
     <span class='ocr_line' id='line_1_34' title="bbox 152 4219 352 4287; baseline 0.005 -14"><span class='ocrx_word' id='word_1_261' title='bbox 152 4225 220 4287; x_wconf 72' lang='lat' dir='ltr'><strong>yaior</strong></span> <span class='ocrx_word' id='word_1_262' title='bbox 235 4219 352 4286; x_wconf 59' lang='lat' dir='ltr'><strong>emor).</strong></span> 
     </span>
    </p>
   </div>
   <div class='ocr_carea' id='block_1_9' title="bbox 0 0 1440 4780">
    <p class='ocr_par' dir='ltr' id='par_1_10' title="bbox 0 0 1440 4780">
     <span class='ocr_line' id='line_1_35' title="bbox 0 0 1440 4780; baseline 0 0"><span class='ocrx_word' id='word_1_263' title='bbox 0 0 1440 4780; x_wconf 95' lang='lat' dir='ltr'><strong> </strong></span> 
     </span>
    </p>
   </div>
  </div>
 </body>
</html>
