2866 4766
267 379 300 473 §.
319 377 381 456 44.
418 379 475 452 Dc
492 373 677 454 adverbiis
696 372 771 450 loci
790 389 826 448 et
843 374 1030 472 temporis.
1118 373 1195 454 363

96 594 256 652 accentus
277 583 509 676 proprietatem
531 607 599 650 non
621 581 820 674 expressit);
851 581 946 650 illinc
967 582 1119 650 restituas
1139 585 1195 652 ad·

95 686 250 754 verbium
284 691 417 778 ἑαατερῇ
443 687 479 753 in
508 685 599 754 Cret.
622 687 729 772 2554,
758 685 800 751 54
829 691 859 751 αῖ
889 687 1062 772 πρείγιατοι
1089 692 1119 752 ot
1146 689 1197 752 ἰαί

97 787 247 870 εὐνομίας
267 789 412 876 ἑκάτεροι
435 791 623 874 ἕρευνεόπες
650 793 705 853 καί
727 789 938 871 ρυθμίζοπες.
969 824 1011 838 -
1052 788 1092 854 Iu
1114 787 1196 878 Epi-

92 891 263 974 menidis,
287 915 372 982 quae
393 892 514 978 lertur,
537 891 678 982 epistole
698 890 740 956 ad
760 891 934 956 Platonem
955 887 1058 979 Diog.
1082 889 1194 957 Laert.

92 992 132 1077 I,
160 995 222 1060 113
249 995 330 1059 bueo
356 995 530 1082 leguntura
577 992 646 1059 ἀλλ’
678 997 752 1079 ἕρπε
781 995 813 1068 ἐς
835 989 972 1076 Κρήτην.
1014 995 1110 1058 consui
1134 991 1196 1078 reip

93 1094 154 1161 otia
177 1097 293 1160 ἐσεῖταί
312 1120 362 1161 τοι
385 1095 485 1173 δεινὰς
508 1097 525 1162 6
547 1094 725 1180 μόναρχος·
760 1097 795 1160 αι’
821 1095 856 1158 de'
872 1119 916 1172 πη
937 1097 1063 1173 πλατείη
1086 1094 1198 1182 ἐγκύρ-

97 1199 197 1262 σωντί
224 1223 275 1264 τοι
300 1197 383 1276 τήνω
411 1203 460 1265 ταί
489 1200 599 1281 φίλαι,
641 1199 786 1280 δειμαίνω
817 1195 859 1279 μή
889 1221 921 1259 τε
951 1195 1051 1262 κακόν
1074 1197 1210 1288 nelops„
1254 1255 1259 1276 ,

96 1299 168 1368 Pro
195 1299 355 1368 librorum
388 1311 423 1366 et
453 1299 661 1392 antiquarum
689 1298 871 1368 editionum
899 1297 1042 1365 lectione
1071 1301 1198 1380 πλατείη

97 1403 155 1469 vel
183 1405 307 1492 πλατείη
339 1401 540 1469 IInebnerus
561 1401 773 1468 Valckenarii
800 1402 1021 1489 conjecturam
1044 1399 1096 1464 ἐπ’
1121 1400 1199 1467 ἀλα-

96 1505 165 1586 τείᾳ
191 1505 336 1596 reecpit3
370 1527 432 1572 nos
462 1505 549 1572 bend
578 1515 769 1570 cunctanter
793 1502 998 1570 restituimus
1026 1508 1059 1568 αἱ
1087 1503 1123 1567 δέ
1144 1531 1196 1584 πη

96 1611 269 1688 stanin,
308 1605 454 1673 sicubi
477 1606 521 1672 in
540 1606 726 1693 vicinia,
757 1615 794 1671 nt
816 1607 860 1672 sit
879 1605 1070 1672 adverbium
1089 1607 1157 1672 loci
1178 1633 1198 1676 a

96 1709 226 1776 Dorico
252 1712 381 1784 ulctlot·
408 1732 471 1800 Pro
498 1712 685 1787 πλησίας.
729 1707 858 1774 Ibidem
880 1731 940 1798 pro
960 1712 1056 1774 τοατᾶ
1075 1710 1199 1800 corrigi

96 1823 251 1903 oportere
266 1812 398 1880 videtur
409 1814 504 1890 ταατῆ
511 1837 522 1897 3
545 1835 653 1900 neque
670 1811 761 1878 euim
776 1809 923 1878 adverbii
936 1810 1004 1878 loci
1025 1811 1061 1877 in
1080 1835 1198 1904 quem

95 1915 236 2004 agnosci
265 1936 365 2006 posse
397 1912 484 1979 iutra
514 1912 715 1979 videbimus.
749 1954 792 1966 —
832 1911 964 1981 Deinde
1000 1913 1199 2005 epigramma

96 2016 305 2084 Laconicum
325 2015 452 2106 legitur
472 2017 560 2106 apud
581 2017 756 2084 Pollucem
778 2015 920 2099 lv,102
939 2017 1023 2103 χίλιά
1043 2043 1129 2084 ποκα
1149 2023 1200 2104 βί-

95 2127 189 2204 porta
210 2121 339 2184 πλεῖστα
361 2117 399 2198 δὴ
429 2123 491 2183 τῶν
517 2117 684 2198 ndreae
713 2119 738 2184 i.
762 2142 793 2182 e.
824 2117 947 2208 plura
976 2143 1095 2211 quam
1124 2145 1199 2189 us·
1254 2131 1256 2138 ⁴

95 2247 216 2312 quam
248 2231 288 2290 et
316 2245 509 2313 unquam.
562 2219 749 2287 bleiuelaius
780 2219 823 2286 ad
852 2220 995 2288 Tbeocr.
1025 2223 1128 2299 VIII,
1155 2225 1200 2292 61

95 2324 222 2416 corrigi
239 2323 339 2411 jubet
360 2323 510 2404 πάποκα,
544 2347 628 2413 quac
650 2347 716 2390 vox
736 2333 825 2390 esset
845 2345 905 2412 pro
925 2324 1054 2413 vulgari
1075 2325 1199 2393 πώποτε

96 2428 167 2494 vid.
191 2427 278 2492 iulra
300 2449 352 2492 nr.
374 2425 408 2492 6.
459 2425 637 2492 Librorum
658 2437 766 2492 tamen
787 2425 963 2492 lectionem
984 2437 1018 2491 et
1037 2428 1200 2519 Hesycbii

96 2529 211 2620 glossa
240 2553 317 2606 πηι,
350 2525 435 2594 udas
461 2537 588 2607 tuetur,
620 2551 718 2617 quam
746 2525 875 2606 πὴποκα
897 2525 1103 2596 scribendam
1124 2555 1199 2599 esse
1335 2539 1346 2566 ⁸

22 2669 24 2704 ι
95 2644 128 2700 et
157 2633 485 2720 interpretamentum
512 2629 722 2696 intercidisse
743 2627 897 2718 Toupius
924 2627 1109 2717 intellexit3
1143 2634 1198 2701 dc·

96 2735 178 2800 iude
206 2733 367 2801 librorum
398 2755 581 2800 consensus
609 2731 696 2821 apud
717 2730 931 2796 Theocritum
953 2731 1057 2818 VIII,
1083 2736 1125 2802 34
1153 2741 1200 2817 πῆ

95 2863 184 2904 ποκα
211 2834 461 2927 praebentium,
494 2833 582 2924 qnod
604 2833 820 2902 Wintertono
849 2833 980 2900 demum
1009 2847 1140 2905 auctore
1162 2840 1199 2908 lu

93 2946 139 3005 πᾶ
162 2965 248 3006 ποκα
269 2941 323 3006 vel
343 2937 476 3004 πάπακα
498 2947 657 3002 mutatum
688 2945 759 3020 est3
791 2946 957 3024 postremo
978 2935 1050 3016 XI,
1073 2939 1116 3008 64
1137 2967 1198 3031 pro

96 3045 235 3132 vulgata
264 3041 310 3106 nd
338 3066 422 3107 ποκα
452 3047 552 3114 (rccc.
582 3042 629 3102 πᾶ
654 3063 759 3116 ποκα,
790 3042 838 3120 πᾷ
866 3065 970 3118 ποκα,
1003 3037 1148 3129 πάπακα)
1179 3069 1199 3112 e

94 3144 215 3236 paucis
245 3142 343 3210 bonis
367 3141 469 3218 ¹libris
500 3145 548 3220 πῆ
578 3167 662 3207 ποκα
697 3151 858 3208 enotatur.
922 3142 1025 3231 Apud
1057 3145 1198 3214 eundem
1257 3153 1264 3160 '

96 3245 316 3314 'l'beocritum
337 3247 410 3323 τῆδε
430 3247 485 3314 vel
505 3247 577 3334 τῇδε
599 3243 635 3309 in
657 3243 740 3311 locis
764 3267 863 3334 supra
882 3245 1003 3310 notatis
1025 3245 1103 3314 olim
1124 3249 1197 3316 vul·

99 3349 239 3439 gabatur
259 3370 320 3438 pro
342 3349 420 3414 aeide
441 3357 475 3412 et
495 3349 608 3426 τεῒνδε,
641 3358 806 3438 praeterea
832 3346 868 3412 iu
889 3347 1061 3414 nonnullis
1083 3350 1198 3416 melio·

98 3451 194 3516 ribus
215 3449 312 3516 libris
334 3473 394 3539 pro
414 3451 486 3530 τᾷδε
507 3449 710 3540 conspicitur
725 3447 772 3531 V,
795 3447 837 3514 50
859 3459 893 3513 et
912 3447 993 3534 XV,
1017 3449 1098 3533 118,
1121 3451 1199 3540 qui-

97 3553 164 3620 bus
187 3553 223 3618 iu
245 3553 329 3622 locis
351 3551 420 3618 bic
440 3553 644 3641 postulatur,
665 3575 733 3618 non
754 3552 855 3634 buca
876 3549 955 3615 item
976 3553 1022 3628 πῆ
1041 3550 1078 3616 in
1098 3552 1197 3621 bonis

98 3653 299 3746 quibusdam
319 3653 416 3720 libris
441 3667 492 3722 est
512 3679 572 3745 pro
593 3657 639 3720 πᾶ
658 3653 689 3737 I,
705 3652 767 3737 66,
790 3651 848 3719 nbi
869 3661 1045 3744 utrumqne
1063 3655 1197 3726 tolerari

96 3765 227 3847 potesta
259 3765 423 3846 postremo
452 3757 533 3835 ὅπη,
566 3755 657 3839 ubi,
684 3767 736 3822 est
756 3753 912 3838 XXVII,
933 3753 976 3822 43
996 3755 1032 3821 iu
1052 3759 1197 3828 carmine

100 3857 288 3926 incertioris
309 3857 363 3925 vel
384 3857 517 3924 dialecti
546 3859 601 3926 vel
621 3857 788 3926 lectionis.
842 3855 941 3924 Ilaud
968 3881 1067 3948 parva
1093 3859 1197 3952 igitur

99 3959 261 4028 librorum
292 3961 483 4028 auctoritate
510 3961 689 4028 Theocrito
723 3961 819 4028 etiam
852 3959 1027 4028 severioris
1057 3961 1196 4029 Doridis

101 4059 223 4129 lormae
252 4061 288 4128 in
316 4091 336 4142 η
370 4075 528 4130 exeuntes
555 4063 787 4148 vindicantur,
828 4085 1014 4154 quenquam
1047 4067 1134 4144 τηνεῖ
1163 4074 1197 4129 et

101 4167 201 4230 sovrei
212 4189 372 4256 nusquam
386 4167 549 4234 mitiorem
562 4165 841 4258 Syracusanorum
863 4165 1067 4256 relinquunt.
1102 4165 1194 4250 Quid

78 4263 311 4358 ¹de.reliquis
334 4269 551 4358 judicandum
583 4267 646 4348 sit,
679 4291 768 4336 nnnc
799 4267 982 4336 accuratius
1010 4265 1195 4358 disquirere
