2872 4780
208 360 280 438 184
606 359 661 430 De
691 353 888 431 vocalibus.

206 563 285 631 ia'tet
312 561 480 630 wrieainaa
507 559 668 650 scriptura
697 565 791 641 εἴκοι,
831 558 872 624 de
901 579 966 648 qna
998 551 1180 624 aeeuratiue
1213 553 1302 620 inira

208 663 447 756 disputabimus
468 660 501 744 §-
523 661 568 728 42
592 683 620 726 ε.
644 683 676 727 v.
699 666 770 724 ίιοι.

292 766 327 845 3)
369 786 480 852 apro
510 762 672 828 ereetin
695 763 855 838 Ρίιιατι,
889 758 1034 850 qnodin
1056 757 1300 848 antiquioribaa

208 864 313 932 titulis
334 865 476 953 iegitur,
505 872 538 928 et
558 863 640 926 irrora
659 883 720 952 pro
742 862 861 946 εἴτοσις
889 862 1014 926 rotam
1031 861 1101 947 jana
1123 859 1230 926 ertio
1255 869 1303 924 ta-

208 966 363 1033 bularuur
385 963 652 1030 lieraeleenrium
681 963 805 1046 altera,
839 963 935 1028 είιιοσι
963 963 999 1028 in
1028 961 1165 1052 Coreqr.
1195 959 1302 1046 18403

209 1068 245 1134 in
274 1065 379 1132 titulis
400 1064 591 1132 Alexandro
619 1061 858 1130 recentioribus
879 1062 1028 1130 Atticum
1055 1065 1154 1129 εἴκοσι
1176 1085 1304 1130 aaut·

208 1177 300 1260 ptum
330 1175 396 1250 eet,
429 1166 497 1234 vid.
523 1166 555 1250 ἓ.
579 1165 631 1232 34.
687 1163 818 1230 Deinde
847 1163 1027 1232 Ποτῖδάι
1054 1173 1089 1230 et
1119 1165 1305 1240 Ilor'edde

208 1269 410 1358 antiquiores
437 1266 578 1334 Doricae
604 1267 728 1333 formae
754 1290 827 1334 erre
854 1266 1007 1333 videntur
1033 1287 1093 1355 pro
1124 1264 1301 1344 Ποσειάἀε,

208 1371 408 1438 recentiores
433 1368 588 1436 Ποτειδᾶν
615 1379 648 1434 et
671 1367 849 1446 Ποσιιδάτ,
884 1367 952 1434 vid.
975 1365 1007 1452 §-
1030 1367 1083 1434 ³1.
1138 1367 1178 1434 ln
1205 1367 1303 1434 titaio

208 1472 375 1541 Laconico
406 1495 458 1537 ιιι.
482 1471 563 1537 1511
594 1469 619 1535 1.
642 1469 676 1536 2.
700 1469 741 1536 15
766 1468 952 1554 Aeneade
982 1491 1056 1536 eree
1083 1467 1215 1536 videtur
1243 1492 1304 1562 pro

210 1572 381 1660 Δορεικός.
426 1571 596 1650 (Alienum
618 1582 670 1638 eet
691 1569 832 1656 εὐσεβίας
859 1595 919 1662 pro
941 1569 1099 1653 εὐσεβείας
1122 1569 1242 1660 Cyren.
1272 1573 1301 1638 1.

209 1677 231 1745 0
258 1677 303 1742 σί.
333 1675 456 1742 Buttm.
486 1673 519 1740 11
545 1698 578 1766 p.
601 1673 690 1753 416).
746 1671 878 1739 Certior
906 1683 1053 1758 eouetat,
1087 1671 1306 1762 antiquiorem

209 1775 369 1844 Doridem
391 1777 526 1866 longum
549 1781 564 1837 ῐ
583 1799 748 1858 eernere,
772 1774 860 1866 qnod
882 1774 1102 1842 contrahendo
1124 1797 1164 1840 ex
1184 1801 1235 1855 ιτ,
1262 1801 1304 1854 ιε,

212 1907 238 1944 ιι
257 1889 366 1945 uatum
388 1889 448 1944 eet.
494 1877 668 1969 Lequutur
689 1879 777 1944 eninr
798 1876 899 1944 dativi
920 1875 993 1943 πόλι
1012 1876 1144 1944 ΗειισΙ.
1167 1875 1205 1960 l,
1227 1877 1304 1963 108,

212 1978 357 2064 Λυγδάμι
377 1991 409 2044 et
429 1977 578 2064 Σχιοοὺρι
599 1975 735 2068 Coreyr.
758 1979 859 2055 1840,
894 2002 994 2070 quum
1023 1979 1059 2044 iu
1089 1979 1241 2046 omnibus
1264 1979 1305 2046 ti·

211 2081 291 2146 tulie
314 2081 501 2148 Alexandro
531 2079 767 2146 recentioribus
795 2079 941 2168 vulgario
972 2079 1156 2148 terminatio
1178 2105 1206 2145 ει
1226 2105 1306 2149 oon-

214 2181 390 2272 apieirtur,
422 2181 488 2248 vid.
520 2183 553 2266 5.
574 2179 679 2263 30,5
713 2177 804 2266 (nana
826 2183 932 2268 Στείρι
960 2182 995 2248 in
1023 2181 1169 2250 Phocion
1190 2182 1305 2252 Rooaii

214 2307 267 2349 nr.
289 2283 331 2350 73
359 2305 426 2350 non
457 2281 565 2348 minuo
586 2281 746 2372 lapicidae
767 2283 970 2376 negligentia
992 2295 1157 2352 eraretnrn
1178 2285 1306 2354 videtne

120 2423 126 2430 ·
214 2409 310 2475 quarn
332 2383 356 2452 l.
381 2385 422 2453 14
441 2385 627 2472 ςενηθῒσᾳ),
650 2384 768 2452 deinde
788 2389 875 2472 τρῖς
895 2411 955 2478 pro
976 2386 1177 2454 nominativo
1200 2399 1234 2454 et
1254 2412 1307 2456 ae·

214 2486 360 2555 eaoativo
380 2489 464 2570 τρεῖς
485 2510 503 2553 e
523 2489 605 2568 τρίες
625 2497 659 2553 et
678 2489 765 2574 ιςίπς
787 2490 910 2580 legitur
930 2489 966 2555 in
982 2487 1114 2555 flerael.
1137 2499 1170 2554 et
1182 2487 1305 2576 Bure,

216 2591 299 2672 τρεῖς
315 2589 386 2678 jam
408 2589 443 2655 in
466 2587 587 2681 Delph.
613 2587 714 2676 1600,
747 2589 803 2680 qui
825 2589 930 2659 bonae
951 2590 1065 2658 aetatis
1087 2601 1158 2676 eet,
1192 2603 1307 2683 quater

215 2691 377 2781 reperitur
402 2713 462 2758 nee
484 2696 594 2758 minuo
616 2691 650 2757 iu
673 2691 909 2758 recentioribus
930 2692 1095 2776 omnibns,
1116 2692 1184 2760 rid.
1199 2698 1233 2780 ξ.
1252 2695 1304 2762 di.

303 2791 423 2860 Contu
452 2816 479 2856 ει
507 2817 566 2883 pro
595 2793 757 2884 vulgarit
780 2794 936 2885 reriptnrn
953 2796 1120 2886 reperitur
1140 2795 1174 2862 iu
1197 2797 1307 2864 intnro

218 2905 251 2960 et
271 2893 392 2960 aorieto
413 2893 429 2958 l
451 2893 543 2958 verbi
564 2897 654 2974 τίσω,
678 2905 714 2959 ut
727 2893 858 2962 iderael.
875 2897 905 2980 1,
920 2896 960 2964 61
985 2897 1159 2978 ἀποτείσει,
1183 2899 1304 2990 Amph.

218 2994 321 3076 1688,
349 2993 404 3060 40.
426 2993 480 3060 46.
503 2993 546 3060 17
577 2993 723 3085 ἀποτείσῃ
754 3007 787 3062 et
815 2995 1042 3066 ἀποτεισάνισιι
1070 3001 1134 3067 iae.
1161 3001 1244 3069 1884
1275 3011 1308 3068 et

218 3092 327 3161 Rhod.
350 3095 447 3178 2525,
465 3093 499 3159 h.
526 3093 584 3162 101
608 3095 820 3176 ἀποτεισάτω,
844 3099 946 3168 Ther.
969 3101 1086 3182 1V‚2·
1109 3099 1152 3170 00
1172 3103 1306 3186 εἰιιείσες,

219 3195 409 3262 ἀποτεισάτω
431 3207 517 3280 ete,
551 3197 628 3264 item
658 3199 835 3267 derivatum
864 3203 1024 3290 Τεισάοσιρ
1046 3203 1118 3288 111,
1140 3203 1202 3286 25,
1239 3208 1307 3270 Τεί-

221 3299 355 3384 σοιδρος
374 3297 519 3366 Μεισιιι.
543 3297 736 3368 Torremnz.
762 3301 798 3388 l,
821 3304 873 3372 16.
920 3305 1040 3372 Contra
1061 3301 1218 3394 preeeena
1241 3331 1307 3373 eer-

220 3410 273 3466 rat
301 3427 313 3465 ι
340 3399 375 3465 in
405 3399 530 3490 ἀποτίσῃ
558 3404 679 3492 Amph.
710 3403 814 3490 1688,
836 3407 896 3492 29,
930 3409 1017 3474 nude
1045 3408 1158 3495 coliigi
1187 3419 1305 3499 potent,

126 3559 130 3568 .
221 3501 285 3568 iota
305 3513 489 3593 eorreptnnr
511 3525 584 3574 eree
613 3517 650 3571 nt
670 3505 703 3572 iu
727 3511 867 3574 τίνεσθαι
888 3511 974 3600 apud
996 3510 1173 3576 Pindarum
1196 3511 1236 3576 P.
1257 3509 1303 3594 11,

220 3603 281 3686 2⁴,
306 3604 363 3694 qui
385 3631 397 3667 ι
418 3605 567 3694 producit
588 3603 622 3674 in
644 3611 766 3690 τίσομεν
788 3611 844 3678 01.
868 3611 939 3696 xl,
964 3614 1023 3695 12,
1053 3611 1158 3678 ἔτισαν
1179 3613 1235 3678 01.
1258 3611 1304 3687 11,

219 3701 274 3771 64.
330 3704 417 3772 Cave
443 3707 629 3792 exiatimee,
664 3710 747 3776 iliud
777 3737 804 3776 ει
834 3713 936 3780 maiae
972 3715 1150 3804 scripturae
1183 3713 1306 3800 deberi,

221 3825 321 3891 quum
349 3807 543 3894 optinorum
571 3811 739 3878 titulorum
768 3837 950 3902 consensu,
987 3803 1145 3906 aqnibna
1167 3841 1194 3882 ει
1215 3841 1309 3907 prot

222 3903 388 3971 scribendi
410 3933 479 3976 uror
496 3910 718 3980 alienissimae
733 3925 799 3992 ert,
823 3917 1041 3984 continuetur.
1087 3917 1204 3986 Potine
1218 3923 1309 3983 τείσει

223 4005 371 4072 eradica
391 4035 420 4072 τι
440 4011 551 4078 eadem
573 4015 747 4082 mutatione
775 4018 895 4088 iaeturu
924 4031 994 4101 eet,
1026 4041 1089 4109 qua
1119 4024 1232 4104 λείψω,
1268 4023 1310 4086 εί-

218 4131 338 4190 ,σσμοι,
370 4111 461 4176 deiru
481 4137 501 4178 e
522 4113 686 4182 radicibua
707 4125 776 4195 ίιπ,
804 4122 833 4198 ι’,
865 4123 906 4186 δι.
939 4161 975 4174 -
1022 4119 1146 4188 Eodem
1169 4121 1310 4212 pertinet

225 4209 276 4272 είοι
297 4233 356 4300 pro
376 4213 413 4276 ἵει
435 4211 591 4304 8ορ8ι.2
612 4216 664 4282 ded
685 4221 855 4306 dtqdo'yyov
875 4233 1012 4290 teataute
1033 4223 1143 4314 Eryn.
1167 4223 1306 4306 01423,
