2872 4780
438 373 468 466 δ.
497 367 554 454 19.
607 379 664 452 De
690 410 713 450 c
739 403 805 476 pro
827 411 858 466 η.
1125 381 1198 458 145

108 573 281 666 inquibus
304 575 376 666 ipsa
396 577 508 644 Atthis
529 581 678 648 loni'cum
701 588 924 663 invertatur,
954 591 986 648 et
1008 583 1108 650 verbo
1128 607 1196 652 mo·

107 699 239 761 nemus,
277 675 387 744 omnia
416 681 573 747 vocabula
605 693 693 750 corto
724 683 928 775 cognationis
960 684 1090 751 vinculo
1118 709 1195 752 cou-

100 777 212 864 juncta
233 779 341 846 eidem
364 782 552 849 mutationis
572 784 641 876 legi
659 785 800 852 obnoxia
818 809 911 870 esse,
935 786 1194 855 testimoniorum

103 879 196 948 fide·
216 875 327 974 magis
343 883 564 972 quaesivimus
587 887 684 978 quiana
706 887 959 954 multitudinem.

187 981 335 1052 Subinde
364 983 522 1052 Doricum
553 989 573 1051 ἆ
601 1013 659 1078 pro
687 990 800 1056 Attico
833 1013 846 1052 ε
876 1013 950 1056 esse
978 989 1124 1075 videtur,
1158 1001 1195 1056 ut

106 1081 169 1160 dole
193 1111 251 1178 pro
281 1092 358 1166 ἕως,
379 1087 462 1153 mdo
491 1113 551 1179 pro
579 1092 657 1169 θεά,
692 1093 780 1158 λαῖον
810 1090 863 1157 vel
893 1091 1004 1181 potius
1031 1095 1107 1172 λᾷον
1133 1115 1194 1182 pro

103 1189 196 1273 leion,
230 1189 288 1256 sed
322 1188 445 1281 ubique
477 1215 490 1254 ε
522 1215 563 1257 ex
590 1191 704 1281 lonico
736 1221 754 1270 η
785 1203 894 1260 natum
926 1215 999 1258 csse
1030 1193 1190 1282 apparuit.

103 1287 223 1356 Eodem
259 1291 423 1379 pertinent
456 1291 598 1359 derivata
630 1317 649 1360 a
678 1299 776 1378 ναῦς,
819 1305 855 1362 ut
887 1292 1023 1379 ναώριον
1054 1293 1190 1385 Corcyr.

103 1390 195 1474 1838,
216 1391 258 1476 b,
281 1394 370 1484 quod
392 1393 505 1460 lonicc
528 1407 657 1462 sonaret
677 1395 820 1480 ερώριον.
1243 1383 1245 1390 ’

181 1493 214 1574 7)
258 1493 378 1562 Contra
409 1497 543 1585 vulgare
575 1527 594 1578 η
635 1499 669 1564 in
702 1498 823 1566 Dorica
862 1497 1001 1564 dialecto
1033 1509 1189 1583 servator,

101 1593 284 1688 ubicunqne
305 1623 345 1666 ex
368 1623 382 1664 ε
403 1611 514 1666 natum
537 1611 600 1682 est,
622 1599 783 1666 Lesbiaca
799 1599 937 1666 dialecto
953 1601 1191 1686 consentiente,

102 1693 249 1766 Boeotios
279 1729 297 1778 η
326 1725 344 1765 a
372 1699 498 1768 Doride
527 1713 688 1768 servatum
719 1701 753 1766 in
787 1725 814 1766 ει
841 1713 986 1768 mutante
1015 1702 1082 1768 vid.
1108 1701 1149 1768 1..
1174 1699 1191 1767 l

100 1795 132 1880 ἓ.
153 1800 203 1868 39.
249 1801 330 1868 Eam
354 1802 477 1868 vocalis
499 1831 518 1880 η
542 1803 700 1891 originem
723 1814 842 1870 certam
865 1805 986 1872 hubent
1009 1807 1105 1872 hacc:

160 1901 194 1987 a)
237 1904 428 1971 nominativi
450 1905 564 1972 tertiae
586 1905 837 1988 declinationis,
859 1907 915 1996 qui
938 1907 972 1972 in
989 1933 1045 1986 ης,
1068 1931 1128 1991 ηρ,
1152 1932 1190 1984 ηε

103 2017 252 2072 exeuntes
280 2007 443 2098 genitivos
472 2007 505 2073 in
537 2033 588 2084 eoo
606 2013 665 2086 ¹²),
702 2031 773 2090 ερος
801 2007 855 2074 vel
883 2009 988 2096 ejecto
1018 2033 1032 2072 ε
1061 2009 1095 2074 in
1121 2033 1188 2092 poe,

100 2129 165 2182 evoe
191 2110 383 2192 terminant,
417 2123 453 2174 ut
473 2109 596 2194 εὐγενής
617 2110 732 2177 Boeot.
766 2107 910 2193 εὐγενεῖς,
947 2109 1048 2196 πατήρ
1070 2110 1186 2176 Boeot.

100 2213 218 2293 παεείρ,
241 2211 359 2294 ποιμήν
381 2212 491 2278 Alcm.
510 2214 531 2281 8
553 2223 586 2279 et
608 2237 648 2277 ex
664 2209 845 2276 Herodiani
860 2211 1047 2277 testimonio
1069 2223 1136 2276 not.
1153 2211 1188 2293 6,

100 2311 180 2394 φρήν
201 2314 303 2380 Pind.
324 2317 377 2394 ¹³).
421 2315 461 2382 ln
491 2315 533 2380 iis
563 2314 773 2396 nominibus,
807 2315 945 2402 quaein
969 2339 1009 2398 ηρ
1033 2325 1188 2402 exeuntes

96 2435 152 2503 per
169 2415 346 2507 plerosque
369 2439 466 2482 casus
488 2445 506 2494 η
530 2426 678 2496 servunt,
712 2426 819 2480 tamen
851 2417 912 2480 loo
941 2440 981 2481 ex
1003 2439 1017 2478 ε
1038 2415 1188 2504 prodisse

98 2539 115 2580 c
134 2519 290 2586 vocativis
312 2530 344 2583 et
365 2517 534 2584 femininis
556 2516 730 2606 aliquoties
751 2528 902 2606 apparet,
925 2527 961 2582 nt
980 2515 1101 2599 σωτήρ,
1127 2519 1190 2580 oui-

96 2641 161 2700 τερ,
185 2621 330 2706 σώτειρα.
378 2619 488 2704 Quare
511 2619 606 2684 etium
629 2618 736 2684 Dores
758 2619 793 2683 in
815 2617 884 2682 illis
907 2645 925 2695 η
948 2617 1129 2707 proferunt,
1153 2627 1190 2680 ut

98 2723 207 2805 πατήρ
229 2725 357 2789 Lacon.
382 2723 462 2790 1511
487 2735 519 2788 ct
540 2720 719 2787 derivatum
743 2721 881 2802 σωτηρία
904 2719 1036 2786 lleracl.
1060 2729 1122 2784 etc.
1146 2757 1188 2767 -

96 2821 143 2890 Eo
163 2825 330 2916 pertinent
350 2823 446 2890 eliam
469 2823 671 2908 δικαστήριον
691 2834 724 2888 et
745 2821 955 2904 ε’πεκριτήριον
979 2819 1067 2886 Cret.
1088 2817 1187 2900 2556,

96 2947 276 3018 quanquam
308 2925 459 3009 δικαστὴρ
493 2937 526 2992 ct
547 2925 658 3008 κριτὴρ
683 2948 742 3015 pro
766 2923 915 3001 ’δικαστής
938 2935 970 2988 et
991 2921 1100 3008 κριτής
1122 2945 1188 2986 nou

95 3031 218 3096 suntin
242 3053 329 3112 usu,
362 3028 559 3118 cogitatione
588 3041 695 3094 tamen
717 3026 868 3117 lingenda
892 3037 988 3110 sunt,
1020 3022 1188 3104 nndcilla

95 3127 289 3198 deriventur.
1102 3118 1110 3130 ’

152 3231 187 3318 b)
232 3233 426 3324 praeterita,
460 3257 543 3322 quac
572 3261 591 3311 η
622 3234 656 3300 in
686 3235 792 3300 fronte
821 3229 940 3296 hahent
968 3227 1132 3316 augmenti
1155 3227 1187 3290 vi

94 3336 331 3412 extinctum,
370 3347 406 3400 ut
434 3334 574 3420 η’ρχόμαν
602 3337 642 3402 ab
665 3335 796 3422 ἔρχομαι
817 3333 884 3398 vid.
909 3341 976 3396 ιιοῑ.
1001 3331 1043 3411 4,
1074 3329 1184 3410 ἥψετο,
1287 3365 1290 3372 ·

93 3435 247 3524 ἰξὴνεγκες
271 3436 475 3524 conjunctivi
496 3437 763 3518 terminationes,
786 3435 843 3501 nbi
866 3463 885 3512 η
908 3457 948 3497 cx
969 3455 985 3496 ε
1005 3443 1115 3496 natum
1137 3431 1186 3494 iu·

94 3535 222 3606 dicativi
244 3539 444 3630 comparatio
465 3541 594 3630 prodit,
618 3551 653 3606 ut
672 3539 810 3626 βλάπτῃ,
835 3539 975 3620 pionem,
996 3530 1130 3626 optativi
1151 3529 1186 3594 iu

65 3783 68 3790 ι
127 3751 169 3818 lt)
203 3739 1187 3823 Ᾱυιι.οικ.1,118,1.τὰεῖςη-ς,ὅιιίπὶρεεικῆςιῐιονεὶὴνιιι

93 3833 121 3890 oti
138 3841 280 3912 τρέπουσιν
296 3839 321 3894 oi
337 3841 451 3913 Δωριεῖς.

126 3929 168 3993 1³)
203 3927 251 3980 Ex
275 3927 328 3994 iis,
362 3945 433 3996 quse
461 3928 483 3996 5.
505 3931 537 3982 lo
559 3926 593 3980 ad
617 3927 696 3998 oport
718 3921 937 3996 disputavimus,
964 3932 1080 3992 apparet
1104 3922 1186 3977 etism

93 4009 158 4081 retis
174 4025 203 4068 et
222 4013 296 4086 ε1ραε
313 4015 421 4082 aliquid
442 4011 629 4068 excusationis
649 4013 777 4068 habiture
795 4025 873 4076 esse,
894 4011 958 4063 item
977 4007 1091 4076 corneis,
1110 4007 1185 4076 qood

93 4095 284 4166 frequentatur
317 4101 391 4171 apud
425 4103 629 4166 Theocritum,
667 4099 745 4154 serbi
772 4097 900 4159 ποιμαίεω
930 4111 1066 4150 memores
1097 4098 1187 4148 minos

92 4183 265 4242 confidenter
283 4187 494 4256 damnaremus,
521 4187 575 4241 nisi
603 4184 738 4244 dis'ertom
757 4182 910 4240 Herodiani
929 4181 1118 4240 testimonium
1136 4181 1186 4235 ed-

91 4281 159 4325 “Sel

23 4469 24 4484 .
136 4381 181 4448 ιι.
431 4422 441 4430 -
946 4383 987 4450 ιιι
