2872 4780
195 295 269 373 168
577 293 634 376 Du
656 286 852 364 vocalibus.

197 502 255 570 Gr.
279 501 330 568 111
351 523 385 590 p.
409 499 494 584 81⁴3
525 493 652 564 accedit
677 497 809 576 πῶλυψ,
843 513 908 582 qur
929 489 1034 556 torma
1054 481 1214 576 Diphilus
1235 479 1293 549 Si·

195 604 317 697 phniua
346 601 434 691 opud
455 599 578 666 Athen.
601 595 708 680 vlu,
731 593 845 662 tutte
872 591 994 677 utitur,
1028 585 1193 680 pedestris
1219 604 1296 650 ore·

196 706 297 773 tionis
320 716 353 771 et
372 701 518 794 volgaris
540 698 672 768 dialecti
703 695 842 785 scriptor
861 705 895 760 at
913 694 1053 760 torneae
1073 689 1295 780 Epicharmus

198 809 239 872 tr.
255 807 308 873 32.
350 803 485 888 Quibus
506 802 660 868 omnihus
680 795 873 888 comparatis
895 793 944 861 aic
965 793 1063 860 nohia
1084 787 1298 858 statuendum

198 909 347 988 ridetur,
386 905 557 994 antiquum
586 901 683 968 istius
705 897 855 966 animalis
873 919 993 964 nomen
1014 917 1088 961 esse
1107 895 1221 976 noitup
1241 889 1298 958 val

198 1010 342 1094 npilmoo
365 1007 478 1074 nescio
501 1005 588 1072 unde
611 1002 804 1084 deductum,
836 997 945 1090 quod,
976 1007 1149 1088 postquam
1176 992 1219 1060 ad
1239 1015 1298 1082 pe·

200 1109 277 1176 dum
298 1108 543 1176 multitudinem
564 1104 681 1172 reterri
701 1115 852 1194 coeptum
873 1111 991 1183 eaaet‚,
1012 1097 1049 1164 in
1076 1095 1234 1171 nociturae
1263 1101 1299 1160 et

198 1211 374 1288 πουλύπους
389 1221 568 1296 mutatum,
590 1217 756 1298 postremo
778 1204 958 1272 secundnm
977 1199 1297 1280 occidentanae,

198 1313 244 1380 ita
265 1325 374 1380 tamen
395 1324 434 1378 ut
453 1311 489 1378 in
512 1308 663 1401 populari
682 1307 797 1394 lingua
824 1306 878 1372 vel
900 1301 1112 1370 Dorienainm
1134 1301 1189 1367 uel
1208 1301 1298 1368 Aeo·

200 1415 343 1482 lensium
366 1414 503 1494 (Athen.
526 1411 613 1496 vll,
636 1409 723 1494 316,
741 1407 776 1486 6)
798 1408 852 1474 υε1
871 1407 988 1474 lunum
1008 1405 1062 1472 vel
1081 1402 1222 1470 aliorum
1241 1425 1298 1468 an·

200 1516 312 1608 tiqnaa
333 1518 456 1582 formae
477 1522 685 1597 tenerentur,
707 1532 874 1601 nunqnam
895 1508 930 1574 in
953 1504 1096 1597 genuina
1114 1495 1299 1570 Grrceitrte

201 1618 306 1709 prima
328 1617 452 1708 ayllaha
473 1615 702 1705 corriperetur.
725 1653 767 1668 -
809 1609 886 1678 Non
907 1610 1002 1676 aliter
1024 1608 1132 1691 κουρίς
1151 1611 1212 1696 pro
1233 1631 1301 1671 εω-

202 1723 253 1803 ρίς
274 1719 319 1807 ²⁰)
348 1721 507 1808 scriptum
528 1739 603 1786 ease
622 1714 772 1800 videtur,
802 1714 880 1804 qnia
901 1736 964 1780 vor
986 1734 1006 1777 a
1028 1712 1142 1794 notione
1160 1707 1300 1775 descen·

202 1821 279 1889 dere
300 1821 485 1911 putabatur.

290 1923 344 2004 12)
387 1921 462 1990 Janr
483 1921 584 1992 adea
607 1918 811 1988 redeundum
833 1927 904 2002 eat,
927 1938 1012 2008 quae
1031 1911 1154 1980 certius
1175 1911 1300 1978 Dorice

202 2045 262 2112 per
282 2051 302 2101 η
325 2035 358 2090 et
379 2051 403 2088 ω
428 2047 488 2114 pro
506 2013 630 2090 Ionicis
653 2034 687 2088 et
706 2017 898 2107 vulgaribus
919 2041 947 2082 ει
966 2027 1000 2084 et
1021 2041 1057 2082 ou
1076 2015 1296 2106 proferuntur.

203 2123 289 2190 Nam
311 2135 467 2213 utsupra
489 2123 684 2207 docuimus,
716 2145 800 2210 qnae
829 2120 896 2187 sint
922 2141 981 2203 ea,
1014 2117 1133 2210 quihus
1155 2116 1301 2184 severior

204 2223 306 2290 Doris
329 2223 392 2292 istu
413 2225 449 2292 in
478 2247 599 2314 genere
628 2249 646 2292 a
673 2222 801 2312 vulgari
826 2221 953 2289 ratione
981 2221 1126 2297 differat,
1160 2218 1207 2284 ita
1230 2217 1301 2304 jam

206 2324 494 2392 demonstrandum
526 2337 597 2410 eat,
631 2325 793 2393 mitiorem
821 2321 981 2390 Doridem
1010 2323 1047 2388 in
1079 2321 1198 2388 iisdem
1226 2344 1302 2388 eun

206 2425 284 2493 lade
306 2439 339 2495 et
359 2427 496 2496 Atthide
518 2429 708 2520 conspirare
730 2449 791 2492 nec
812 2447 931 2516 posse,
968 2447 1051 2515 qnae
1079 2423 1244 2512 ejusmodi
1266 2421 1301 2488 in

99 2609 102 2616 ,
205 2529 343 2598 Doridis
375 2530 522 2598 lontibus
553 2532 785 2621 reperiuntur,
828 2527 870 2592 ad
906 2527 1065 2593 lihrornm
1098 2525 1217 2592 vitium
1248 2525 1303 2594 vel

97 2709 103 2726 Ι
206 2631 313 2721 ipsios
333 2632 465 2702 dialecti
487 2632 729 2723 corruptionem
750 2633 923 2721 ingruente
937 2629 1074 2695 Atthide
1096 2630 1215 2704 laetam
1228 2651 1302 2696 enm

206 2733 274 2798 ulla
296 2733 366 2800 veri
389 2735 498 2824 speeie
518 2735 646 2802 rel'erri.

294 2833 494 2900 Gravissima
522 2837 558 2902 in
586 2837 669 2902 hanc
698 2859 768 2902 rem
796 2834 861 2903 dno
882 2831 1069 2900 testimonia
1091 2843 1168 2898 sont
1189 2831 1301 2922 exqui-

209 2933 290 2999 sitae
312 2934 497 3014 doctrinae,
528 2937 619 3002 Ann.
644 2937 733 3004 01¹.
756 2937 796 3020 l,
820 2938 901 3022 171,
925 2936 966 3004 19
989 2931 1189 3018 e1278,17
1217 2933 1300 3020 (vid.

210 3046 279 3102 not.
299 3037 321 3102 2
341 3051 374 3104 et
395 3039 427 3120 §-
447 3037 488 3102 14
508 3047 576 3102 not.
593 3037 639 3125 4).
683 3038 834 3106 Alterum
856 3037 970 3122 ducet,
991 3038 1130 3121 Δωριεῖς
1149 3034 1223 3112 τοὺς
1243 3063 1304 3102 πα-

210 3139 389 3220 λαιοτέρους
413 3136 536 3204 dixisse
559 3139 622 3222 εἷς,
644 3138 867 3206 Rhinthunem
889 3137 946 3218 ἧς,
969 3137 1027 3204 uhi
1047 3139 1118 3204 noli
1140 3137 1301 3222 dubitem,

209 3239 290 3330 quin
311 3239 528 3330 Epicharmus
550 3239 758 3330 potissimum
787 3253 820 3308 et
841 3239 991 3332 Sophron
1021 3240 1214 3330 antiquioris
1235 3241 1302 3308 Do·

158 3339 162 3350 ’
208 3341 290 3408 ridie
313 3353 460 3410 auctores
481 3343 689 3434 intelligendi
711 3344 794 3430 sint3
829 3345 966 3410 alterum
988 3342 1143 3434 patefacit
1165 3339 1328 3432 Syracu,

210 3466 308 3511 sanos
329 3444 562 3512 cnm-lonihua
590 3458 624 3512 et
643 3445 766 3512 Atticis
793 3451 896 3528 μοῦσα
924 3445 1067 3529 dixisse,
1100 3467 1167 3510 non
1199 3449 1297 3526 poion.

160 3621 163 3628 ¹
210 3543 327 3634 Neque
357 3545 468 3612 mirari
496 3547 595 3630 licet,
629 3547 717 3640 quod
747 3547 841 3638 plnra
871 3547 911 3614 de
940 3547 1003 3614 hue
1024 3545 1162 3613 Doridis
1184 3567 1299 3637 genere

210 3646 400 3714 testimonia
419 3673 485 3714 non
509 3661 630 3715 extant.
677 3649 812 3717 Scilicet
832 3647 1032 3738 grammatici
1055 3672 1092 3715 ea
1114 3673 1229 3738 parum
1250 3671 1302 3714 cn·

209 3747 346 3832 rabant,
379 3773 462 3841 quae
483 3775 557 3818 cum
579 3751 708 3843 vulgari
728 3751 841 3840 lingua
864 3775 930 3816 non
953 3751 1186 3842 discreparent.
1240 3747 1302 3816 Sed

209 3847 324 3914 titulos
351 3863 384 3916 et
413 3852 589 3942 scriptores
618 3853 746 3943 ingenti
777 3877 940 3920 consensu
970 3863 1118 3920 nostrum
1141 3853 1302 3940 jndicinnr

209 3951 421 4038 confirmare,
443 3955 647 4046 singulorum
664 3955 872 4044 perlustratio
888 3957 969 4023 ratis
985 3979 1148 4046 superque
1161 3952 1299 4022 docebit.

293 4053 355 4120 Ad
384 4079 440 4121 nr.
470 4057 511 4122 2:
547 4057 590 4132 εἷς
622 4057 745 4147 legitur
773 4057 893 4147 Epich.
916 4047 1057 4155 timi
1084 4067 1117 4122 et
1146 4055 1181 4120 in
1209 4055 1301 4146 titulo

209 4155 504 4238 Tauromenitrno,
530 4157 636 4236 οὐθείς
658 4159 766 4225 Rhod.
788 4161 890 4244 2905,
913 4161 1025 4242 μηθείς
1046 4159 1148 4225 Ther.
1167 4157 1253 4224 2448
1272 4167 1303 4222 et
