2862 4770
461 337 492 428 §.
517 337 575 414 23.
628 339 684 412 De
705 335 868 412 diaecesi.
1142 341 1212 420 193

123 537 212 630 qaod
233 537 413 608 Pindarum
443 565 464 628 c
489 541 614 607 Doride
643 540 775 608 duxisse
804 552 938 612 cernon
957 533 1148 610 linatrtlrins
1178 567 1212 636 p.

122 642 176 708 20.
221 641 396 708 Discreain
418 644 551 727 iiipeps'u
573 641 770 732 Epicharmo
791 645 1015 711 concessimus
1037 645 1080 710 fr.
1103 646 1155 712 23.

206 767 241 846 2)
285 767 485 858 Plerumque
513 767 669 836 diaeresis
699 768 789 836 notio
818 769 914 836 etiem
942 769 1039 836 latins
1070 771 1216 838 extendi·

120 880 199 952 tur,
229 879 265 934 nt
286 871 396 936 omnia
417 869 687 958 comprehendet,
726 893 958 962 quaecunque,
993 895 1091 962 quum
1115 875 1215 964 vulgo

122 972 372 1055 contrahantur,
405 971 439 1038 in
471 972 619 1040 dialectis
654 974 781 1040 vocales
814 997 879 1038 non
909 973 1100 1059 conjunctas
1122 975 1215 1042 cxlii-

122 1071 214 1137 lrent.
267 1073 430 1164 Pleraque
452 1076 523 1162 ejus
542 1073 696 1164 generis,
725 1074 862 1164 quaein
886 1075 1067 1166 antiquiore
1090 1075 1215 1144 Doride

122 1173 348 1263 reperiuntur,
391 1175 477 1240 inlr-a
513 1175 790 1240 commemoranda
825 1175 999 1259 ducimus,
1042 1201 1141 1266 quom
1175 1179 1215 1244 de

120 1276 361 1360 contractione,
397 1277 436 1342 de
459 1277 676 1343 declinatione
698 1289 729 1343 ct
752 1279 791 1343 de
813 1279 1044 1369 conjugatione
1066 1303 1212 1368 agemus.

120 1375 219 1444 Nune
240 1379 345 1444 varias
367 1379 527 1445 vocalium
549 1379 815 1464 conjunctiones,
848 1403 932 1470 quae
960 1381 1060 1470 vulgo
1089 1393 1214 1446 eontra·

121 1480 261 1546 ctionem
285 1481 475 1569 postulant,
507 1482 743 1568 perlustrantes
773 1481 887 1570 paneis
908 1481 1149 1564 indicabimus,
1186 1483 1215 1548 si

121 1605 204 1671 quae
226 1583 312 1672 opud
334 1581 514 1648 Dorienses
537 1607 602 1648 non
624 1583 874 1650 contralranture
1176 1583 1182 1600 ⁹

133 1779 144 1798 ⁸
207 1735 267 1788 ee,
291 1735 372 1790 aas,
397 1739 463 1790 αη,
488 1740 532 1800 cp
557 1713 591 1778 in
614 1711 848 1800 conjugatione
870 1735 1035 1802 nonquam
1055 1737 1118 1790 non
1138 1737 1215 1780 eon·

122 1815 311 1896 trahuntur,
345 1813 412 1880 rid.
438 1819 469 1898 ἕ.
492 1815 546 1882 24.
601 1813 675 1879 Non
700 1814 888 1880 coalescunt
911 1813 1040 1880 vocales
1064 1815 1097 1879 in
1122 1819 1215 1880 dor-

123 1915 208 1993 atr,
244 1934 308 2006 quo
331 1913 480 2005 Sophron
504 1915 683 1980 secundom
705 1915 760 1980 Et.
785 1913 832 1980 M.
855 1915 937 1998 240,
960 1917 1001 1982 35
1032 1940 1091 2005 pro
1122 1916 1214 1994 δαλὸς

124 2028 295 2100 nauseet,
320 2029 352 2083 et
374 2015 508 2093 oiston,
546 2029 582 2081 ut
603 2016 745 2105 Lysistr.
771 2017 873 2098 1243,
908 2041 991 2106 quae
1014 2041 1109 2084 voees
1133 2019 1214 2084 auti·

120 2119 234 2208 quitus
256 2117 416 2208 digamma
439 2119 645 2184 intersertum
668 2119 842 2186 habebant.
1018 2125 1023 2138 ⁸

209 2273 272 2324 eo,
307 2273 392 2330 ooo,
428 2273 518 2325 uon,
550 2273 603 2310 αω
633 2247 666 2314 in
689 2247 907 2314 declinatione
929 2259 961 2313 et
982 2248 1215 2339 conjugatione

123 2375 253 2440 semper
275 2351 478 2432 coalescunt,
502 2349 694 2438 plerumque
717 2349 750 2414 in
773 2350 931 2438 reliquia,
954 2349 1021 2418 vid.
1045 2351 1077 2434 ἕ.
1100 2354 1153 2417 24.

208 2501 251 2542 eu
279 2478 314 2542 in
337 2475 555 2542 declinatione
577 2474 669 2540 tertia
693 2474 789 2542 modo
812 2475 1064 2542 contractionem
1086 2479 1214 2566 patino·

121 2591 196 2664 tur,
220 2580 316 2646 nodo
338 2603 405 2644 non
427 2577 634 2658 coalescunt,
656 2575 725 2642 vid.
741 2575 773 2658 ἓ.
786 2576 838 2642 30.
884 2575 958 2640 Non
981 2583 1216 2648 contrahuntur

123 2681 256 2748 nomina
278 2682 313 2746 in
336 2705 371 2745 ca
394 2677 596 2759 desinentia,
626 2689 661 2742 nt
683 2679 784 2759 φακεά
806 2676 925 2766 Epiclr.
951 2679 1004 2754 17,
1037 2683 1127 2744 uvaia
1150 2681 1215 2749 lle·

122 2783 204 2850 reel.
227 2784 262 2860 l,
285 2785 329 2850 24
356 2805 414 2870 pro
440 2784 528 2863 φακῆ
550 2791 583 2846 et
605 2782 696 2858 συκῆ.
740 2779 779 2844 ln
803 2779 971 2846 nonnullis
992 2779 1125 2848 vocibus
1147 2781 1215 2852 Do-

122 2885 171 2952 ris
195 2893 306 2952 eontra
329 2884 473 2974 vulgaris
496 2883 629 2972 linguae
652 2905 746 2948 usum
769 2881 952 2963 contrabit,
976 2893 1011 2948 ot
1033 2888 1134 2969 κρῆς
1156 2909 1215 2974 pro

124 2987 220 3072 κρέας
242 2985 400 3052 Doricum
422 3009 496 3052 esse
517 2985 655 3050 traditur
676 3007 695 3050 a
716 2982 877 3072 Gregorio
905 3008 935 3072 p.
957 2983 1042 3068 235,
1076 3008 1094 3052 e
1116 2987 1215 3054 diale-

124 3100 178 3156 cto
212 3091 345 3156 allertnr
374 3087 414 3154 ab
435 3086 580 3164 Arcadio
608 3111 641 3176 p.
668 3087 791 3168 120,0
824 3097 855 3170 et
883 3085 1098 3176 Theoguosto
1128 3089 1214 3156 (lxx.

125 3191 180 3268 ll,
204 3191 288 3272 135,
312 3192 352 3274 2,
382 3201 413 3255 et
433 3188 556 3277 legitor
576 3189 720 3273 Aelrarn.
743 3185 824 3269 701,
856 3211 921 3276 qno
944 3199 1068 3278 spectat
1092 3189 1216 3280 Grego-

125 3293 217 3372 rius,
252 3291 372 3382 Sophr.
396 3291 456 3373 51,
490 3289 630 3356 Tlreocr.
655 3290 735 3368 1,o
767 3301 799 3356 et
820 3296 914 3372 κρῆ,
950 3291 1036 3378 quod
1060 3289 1215 3360 Doricam

125 3417 200 3462 esse
220 3418 280 3486 pro
303 3395 380 3478 κρέα
403 3393 531 3459 tradunt
551 3391 585 3460 J.
605 3391 662 3458 Gr.
686 3393 761 3469 243,
775 3392 815 3470 b;
840 3390 898 3456 Gr.
918 3389 957 3456 C.
974 3392 1055 3473 350,
1078 3391 1229 3460 Meceni.-

125 3497 210 3578 (iot,
243 3519 426 3586 quanquam
454 3497 531 3578 κρέα
562 3494 717 3584 seriptum
744 3504 829 3560 extat
857 3493 974 3582 Epich.
998 3493 1058 3577 823
1094 3493 1215 3579 βλήρ,

126 3621 193 3689 quo
215 3597 354 3662 Alcman
377 3621 457 3663 nsua
480 3609 530 3664 est
552 3621 610 3685 pro
633 3597 759 3679 δέλεαρ,
781 3594 849 3660 vid.
873 3595 914 3659 L.
939 3595 955 3660 l
984 3593 1017 3677 ἓ.
1040 3595 1062 3660 6
1090 3607 1158 3661 not.
1183 3598 1215 3678 5,

126 3699 246 3765 deinde
278 3701 405 3778 δέλητα,
440 3697 530 3787 qnod
551 3693 728 3764 Tlreoerito
751 3695 855 3778 ΧΧΙ,
880 3695 921 3762 10
949 3695 1112 3784 probabili
1140 3721 1217 3764 con·

121 3803 252 3897 jectupa
273 3801 455 3866 restitutum
477 3811 547 3880 est,
571 3801 670 3886 δέλῃτι
690 3799 778 3890 apnd
796 3797 1016 3887 Hesychinrn,
1041 3799 1128 3887 quod
1146 3800 1215 3886 jara

126 3903 285 3970 Doricum
308 3903 456 3983 videtur,
491 3899 626 3978 dclrieaov
647 3900 767 3989 Soplrr.
790 3899 854 3982 20,
890 3921 972 3990 quse
994 3923 1057 3966 rou
1078 3925 1216 3967 eorume-

28 4047 33 4056 ·
126 4015 272 4072 nentur
302 4003 397 4070 etia·
431 4003 470 4068 ab
503 4003 675 4070 Enatatlrio
708 4005 810 4084 1721,
841 4002 857 4068 1
892 4012 924 4066 ct
956 3999 1122 4092 lleayolrio
1154 4003 1214 4080 (cl.

128 4107 248 4192 φρήτια
280 4108 314 4172 in
342 4105 440 4173 titulo
461 4103 602 4172 Aerensi
633 4129 683 4170 nr.
707 4105 764 4190 3);
797 4103 953 4181 ἀλήτων
983 4127 1042 4194 pro
1072 4103 1218 4169 citerdrose

125 4209 166 4300 ψ
188 4209 296 4292 dieuco
319 4209 465 4275 lllriutlro
486 4207 573 4298 apud
594 4207 716 4272 Atlren.
738 4207 787 4274 xl
810 4231 842 4297 p.
866 4205 937 4273 50⁰.
960 4205 1007 4290 1.,
1039 4201 1059 4284 ἦ
1067 4232 1086 4290 ρ
1108 4205 1215 4272 Aleon.

169 4337 216 4404 ll.
981 4333 1020 4400 13
