2866 4766
223 369 300 448 356
480 367 513 461 §.
534 365 593 444 43.
640 369 697 441 De
719 363 1053 463 praepositionibus.

1400 461 1410 508 1

223 575 280 642 τάν
301 572 402 653 1⁰⁰6,
433 572 529 638 τεοπά
552 571 655 654 1252,
686 567 801 645 notarie
824 569 907 637 12114
937 567 1103 650 (seducti
1124 568 1319 655 παγάκ81).

224 678 321 742 Adde
350 673 466 741 παττάν
496 671 532 738 in
565 672 728 738 Coralisci
766 674 959 762 fragmento.
1026 673 1199 739 Postremo
1232 675 1327 762 apud

225 776 454 865 Thucydidem
474 773 519 852 V,
542 775 596 842 77.
619 775 662 841 79
682 776 840 863 leguntur
861 773 1010 857 καττάδε,
1042 775 1156 854 uereri,
1185 777 1324 852 ποετεάς.
1408 807 1410 824 ⁴

310 877 422 962 Quum
442 877 546 969 igitur
566 876 710 964 genuina
723 876 826 942 Doris
847 877 882 942 in
905 877 1095 944 universnm
1118 902 1188 943 eam
1210 879 1327 968 legen

224 991 335 1048 secuta
357 1003 431 1046 esse
451 979 618 1056 videatur,
643 1003 741 1070 qnam
763 979 799 1042 in
821 979 944 1045 tabulis
967 979 1247 1048 Heracleensiltus
1268 1006 1326 1047 ra·

222 1085 292 1150 lere
321 1081 483 1160 diximus,
516 1082 668 1148 Lacones
697 1093 805 1146 tamen
834 1080 973 1146 Aeolion
1005 1104 1096 1147 anore
1126 1082 1207 1162 (vid.
1235 1083 1280 1148 L.
1307 1084 1325 1149 1

224 1181 256 1273 ᾗ.
278 1183 335 1273 28)
366 1183 642 1274 praepositionem
676 1181 757 1247 κατά
790 1183 922 1250 duriore
953 1207 1098 1274 apocope
1125 1185 1322 1252 affecerunt.

223 1288 358 1354 Praeter
381 1285 574 1352 uindemio
597 1285 683 1350 dieto
705 1286 873 1352 Laconico
889 1285 1056 1351 Plutarelr.
1081 1285 1198 1377 Pelop.
1222 1311 1254 1354 e.
1276 1289 1324 1355 34

224 1401 257 1456 et
278 1387 419 1476 κατθάνῃ
443 1389 478 1452 in
501 1387 653 1453 Chilonis
678 1387 836 1478 epistola,
871 1411 954 1476 quae
982 1388 1113 1476 vulgari
1144 1401 1325 1456 eonsuetu-
1408 1367 1410 1440 l

222 1491 296 1556 dini
317 1515 385 1560 nou
406 1499 612 1580 repugnant,
646 1512 686 1556 eo
707 1488 872 1578 pertinent
893 1489 1063 1566 καππάεας
1083 1491 1229 1558 Pansan.
1252 1493 1322 1578 111,

222 1595 286 1676 22,
319 1595 335 1660 1
368 1617 427 1683 pro
460 1591 683 1676 καταπαάτης,
715 1589 931 1673 καββαλόνεας
961 1590 997 1656 iu
1030 1593 1118 1660 dieto
1150 1593 1321 1662 Laconico

222 1695 389 1762 Plutarch.
413 1693 561 1784 Lysand.
591 1717 621 1759 e.
647 1695 688 1760 14
702 1689 756 1776 ²),
789 1691 974 1778 κακκέχυται
1003 1693 1172 1762 Plutarch.
1203 1697 1317 1763 lnstit.

222 1797 348 1864 Lacon.
376 1823 411 1889 p.
438 1799 523 1896 241,
556 1795 716 1884 llespclrii
746 1794 878 1882 glossae
899 1795 1085 1864 Laconicae
1107 1797 1225 1878 κάκκη,
1255 1797 1318 1864 κά·
1408 1837 1410 1922 p

221 1902 314 1965 dende
334 1939 377 1952 -
398 1897 563 1983 κάβλημα,
587 1902 786 1986 περίστρωμα
810 1933 853 1944 -
875 1899 1052 1982 κεμμέτεεν,
1075 1903 1253 1981 amantio
1272 1943 1316 1954 -

221 2000 362 2086 κάβασε,
396 2000 558 2085 κατάβηθι
578 2013 611 2066 et
637 1999 860 2086 κατράγοντες,
893 2003 924 2064 oi
951 2000 1103 2086 ῥάαγροι,
1137 2004 1227 2092 quod
1255 2029 1320 2094 pro

222 2101 465 2187 κατατρίψαντες
500 2102 623 2167 dietum
650 2112 785 2191 putant,
815 2112 981 2190 postremo
1009 2101 1225 2172 Alcmenenm
1259 2133 1321 2170 κα-

220 2205 336 2286 patum
366 2203 407 2268 ir.
429 2203 473 2270 20
496 2200 579 2289 (34).
630 2205 670 2268 Ιτε
692 2204 753 2266 loe
776 2225 920 2268 consona
944 2204 1039 2291 plane
1060 2205 1188 2292 abjecta
1209 2219 1261 2274 est
1282 2221 1320 2276 nt

220 2305 257 2369 in
279 2303 454 2370 Pindarico
477 2303 611 2370 κάπετον
631 2327 691 2394 pro
715 2305 885 2370 κατέπεσον
907 2304 963 2371 01.
978 2305 1075 2384 Vlll,
1098 2308 1152 2376 38.
1198 2309 1320 2380 Simile

22 2389 31 2404 ‘⁸
101 2408 106 2418 ¹
221 2419 273 2474 eat
293 2405 413 2490 νάβασε
441 2405 528 2496 apud
551 2405 753 2494 Hesychium
783 2404 845 2492 (el.
868 2405 952 2472 ibid.
974 2407 1101 2488 πάδικε,
1136 2411 1319 2496 πρόςρῦψθῑ

221 2507 246 2573 i.
264 2535 293 2575 e.
316 2511 453 2575 ποτίδικε
473 2508 613 2575 dialecto
635 2531 701 2574 non
723 2509 902 2588 nominata)
924 2519 957 2578 et
978 2533 1062 2600 quae
1083 2535 1102 2577 e
1123 2513 1229 2580 titulis
1251 2517 1317 2582 La·

220 2634 297 2676 eon.
324 2611 426 2696 1511,
457 2610 581 2702 Amph.
605 2609 708 2694 1688,
741 2609 877 2700 Corcyr.
910 2611 994 2678 1840
1020 2635 1118 2700 sopra
1146 2618 1317 2685 attulimus

220 2713 338 2798 ποτόν,
368 2713 485 2797 κατάκ,
516 2711 614 2791 κατά,
643 2717 728 2794 ποτῷ
748 2724 783 2782 et
803 2713 900 2778 κατάν
920 2713 1007 2802 apud
1028 2716 1222 2783 Alemaneua
1244 2721 1314 2786 vid.

221 2813 253 2895 ᾖ.
277 2815 318 2880 13
348 2826 417 2879 not.
440 2817 463 2881 4
483 2815 540 2892 (cl.
566 2815 607 2879 L.
627 2815 644 2880 l
666 2815 697 2897 δ.
722 2815 776 2898 47,
798 2812 848 2900 3).
892 2813 1005 2904 ltaque
1026 2819 1253 2904 pronuntiatio
1276 2847 1318 2890 ee

220 2915 398 2980 inclinasse
418 2915 570 2998 videtur,
594 2927 631 2981 nt
651 2917 752 2982 altera
774 2939 918 2983 consona
939 2917 1042 3004 ejecta
1062 2919 1222 3008 syllabam
1244 2948 1317 2992 cor·

219 3014 363 3103 riperet3
384 3015 567 3082 accuratior
588 3028 695 3084 tamen
717 3017 898 3084 tabularum
911 3019 1180 3088 lleracleensium
1203 3027 1314 3094 ortlao·

221 3115 355 3203 graplria
385 3117 508 3207 ubique
536 3141 713 3186 consonam
745 3118 889 3208 geminat
917 3143 978 3187 nee
1006 3123 1133 3216 reliqna
1163 3130 1315 3220 exempla

221 3227 348 3305 praeter
380 3217 609 3285 Alenranienm
642 3231 675 3286 et
713 3221 926 3288 Pindaricum
960 3225 1057 3291 valde
1097 3237 1184 3293 certa
1220 3243 1312 3298 sunt.

220 3315 356 3404 Ejectae
384 3343 547 3387 consonae
575 3321 671 3390 aliam
700 3323 860 3392 rationem
887 3347 959 3390 esse
981 3327 1074 3393 vides
1094 3327 1129 3393 in
1151 3329 1310 3414 κάβλημα.

215 3461 260 3476 -
303 3420 380 3486 Alia
409 3422 489 3489 dura
517 3425 772 3514 praepositionis
801 3427 936 3492 mutatio
964 3439 1015 3494 est
1041 3429 1077 3494 in
1099 3430 1315 3520 Hespelriano

218 3523 349 3608 άπασι,
371 3523 546 3604 ἀνάστηθι,
576 3527 665 3618 quod
685 3528 885 3594 Laconicum
907 3552 981 3595 esse
1001 3529 1148 3619 videtur3
1178 3559 1254 3602 nana
1277 3537 1314 3603 in

217 3623 375 3710 άνσταθν,
408 3628 496 3716 qnod
522 3627 668 3717 volgaris
696 3627 834 3698 Doridis
864 3653 937 3696 esse
963 3645 1133 3721 putamus,
1169 3636 1314 3726 primam

216 3723 359 3792 Aeolica
388 3753 477 3795 more
507 3725 589 3814 (vid.
620 3729 702 3795 L.l
738 3732 771 3814 ξ.
793 3732 854 3810 28,
879 3733 913 3814 1)
947 3732 1067 3800 &aaut
1096 3737 1217 3805 laetum
1246 3753 1310 3826 est,

216 3825 337 3892 deinde
357 3852 417 3918 per
436 3829 618 3898 Laconicas
639 3833 837 3900 mutationes
858 3833 968 3900 άεεασε
988 3835 1056 3903 vid.
1079 3834 1110 3924 ἕ.
1136 3837 1194 3918 13,
1217 3843 1252 3910 4.

290 3927 326 4004 2)
348 3927 437 3995 Raro
453 3931 653 4021 praepositio
668 3932 749 4017 ipo!
762 3957 832 4000 eana
843 3959 1012 4027 apocopen
1026 3960 1124 4030 passa
1137 3953 1202 4026 est,
1225 3968 1311 4034 quae

234 4151 279 4245 ⁸2)
313 4151 341 4205 J.
360 4149 411 4204 Gr.
428 4153 540 4224 tim,
570 4157 686 4214 atsere.
705 4163 773 4224 651,
802 4161 853 4218 Gr.
873 4163 904 4220 0.
924 4165 979 4224 161
996 4167 1136 4234 suppetiis
1153 4167 1311 4226 interne·

216 4249 277 4290 rrca
293 4249 463 4297 euenerant.
