2844 4770
226 333 275 454 ¹⁸.
568 332 599 426 §.
625 335 662 409 2.
714 335 778 454 ne·
797 331 970 409 fontibus.

309 537 373 619 lii
406 536 561 618 Titulus,
583 536 642 630 qui
662 535 781 628 incipit
806 545 844 604 T.
866 533 1035 614 Κλαύδιος.
1158 519 1162 534 ’

310 641 365 724 13)
384 674 387 682 ·
406 639 541 708 Titulus
561 639 668 726 laser,
690 640 748 731 qui
768 637 886 730 incipit
904 641 950 705 sci
961 637 1154 724 Ἄμμωνος,
1177 661 1246 706 nun
1266 661 1322 708 as·

224 743 348 836 tiquior
368 741 592 834 Vespasiano,
612 754 651 810 ut
672 742 796 809 indicat
815 741 920 810 Flavii
940 761 1072 808 nomem

310 845 483 914 Praeterea
509 845 696 914 brevissimi
723 845 855 936 quidam
882 843 972 911 tituli
999 855 1034 911 et
1062 843 1265 937 antiquiores
1290 859 1323 914 et

225 949 425 1018 recentiores
444 947 603 1016 nonnulla
621 947 715 1014 utilia
737 947 995 1039 suppeditarunt.

309 1053 363 1130 12)
409 1050 604 1142 Quanquam
626 1061 771 1134 constat,
815 1049 892 1116 inde
920 1073 939 1116 a
965 1047 1055 1115 tertii
1082 1049 1206 1117 saeculi
1226 1049 1321 1120 initio

224 1152 319 1244 plura
345 1153 381 1234 iu
410 1153 481 1220 dies
509 1151 656 1244 vulgaris
682 1151 718 1218 in
748 1151 904 1218 Doricam
934 1150 1107 1218 dialectum
1135 1151 1320 1243 irrepsisse,

225 1253 403 1324 cavendum
423 1265 531 1322 tamen
560 1265 631 1340 est,
664 1275 708 1320 ne
737 1253 786 1338 (id
807 1253 896 1346 quod
917 1253 983 1345 ipsi
1003 1252 1171 1322 Boeclshio
1192 1255 1322 1338 accidit)

226 1355 364 1426 dialecto
384 1359 554 1448 corruptae
575 1379 613 1426 ea
640 1357 841 1440 tribuamus,
876 1380 959 1447 quae
980 1380 1000 1424 a
1019 1355 1170 1446 lapicidis
1192 1367 1321 1447 peccata

226 1471 313 1530 sunt.
358 1457 443 1527 Nam
465 1459 645 1549 siquando
666 1457 788 1526 Dorica
810 1458 939 1524 decreta
959 1457 995 1525 in
1016 1457 1098 1524 urhe
1118 1481 1184 1524 non
1199 1459 1324 1527 Dorica

225 1563 386 1655 lapicidae
407 1561 543 1629 Doridis
564 1561 672 1652 ignari
694 1583 793 1652 opera
814 1569 1060 1646 eructarunt,
1095 1561 1250 1628 iccillime
1272 1585 1324 1630 ac-

226 1666 335 1734 cidere
356 1675 502 1756 poterat,
539 1673 578 1730 nt
607 1665 728 1731 lormss
749 1671 922 1730 consuetae
942 1661 978 1728 in
998 1661 1193 1730 Doricrmsn
1212 1663 1323 1732 locum

225 1768 457 1852 substitueret,
503 1777 540 1834 ut
558 1767 818 1860 Lampsacenum
846 1764 1020 1856 lapicidam
1051 1765 1087 1830 iu
1107 1763 1245 1832 Aeolicc
1267 1763 1323 1832 de·

225 1880 314 1938 creto
334 1869 493 1935 nonnulla
523 1871 709 1959 corrupisse
734 1867 894 1958 'suspicati
925 1884 1037 1934 sumus
1058 1866 1099 1934 L.
1123 1867 1140 1934 l
1167 1867 1200 1952 δ.
1221 1869 1266 1953 2,
1286 1869 1321 1937 2.

224 1971 299 2040 lam
326 1995 404 2038 vero
424 1971 622 2038 Doricorum
654 1970 822 2036 titulorum
851 1969 939 2036 haud
965 1969 1061 2060 pauci
1089 1969 1196 2036 simile
1221 1970 1338 2036 iatum·

224 2072 315 2166 pessi
329 2083 454 2140 -sunt.·
498 2072 646 2138 Primum
673 2071 952 2162 Amphictyonum
984 2071 1150 2138 decretum
1179 2071 1321 2138 Athenis

225 2173 368 2266 positum
389 2171 428 2238 C.
451 2171 481 2239 l.
509 2197 563 2239 nr.
587 2173 670 2241 1688
698 2185 851 2263 quantam
880 2171 958 2240 inde
985 2173 1116 2242 dialecti
1136 2174 1323 2245 inconstan-

81 2327 84 2332 -
224 2276 302 2344 tiam
322 2273 477 2361 traxerit,
499 2273 681 2342 accuratius
702 2275 737 2341 in
758 2275 954 2366 Appendice
975 2274 1179 2364 videbimus3
1210 2277 1246 2343 in
1268 2276 1323 2344 de·

222 2390 311 2446 creto
331 2377 484 2446 Aetolico
504 2376 567 2446 Cei
595 2377 703 2470 posito
725 2403 776 2444 nr.
796 2379 883 2448 2³50
909 2377 1068 2468 lapicidae
1089 2378 1235 2445 Atticum
1256 2377 1324 2445 oei.

224 2489 334 2547 λατταν
360 2480 586 2568 vindicemus3
629 2480 664 2546 in
686 2480 880 2547 Aetolorum
909 2481 1039 2547 decreto
1069 2481 1110 2546 ad
1136 2479 1239 2568 Tejos
1265 2505 1319 2548 ur.

223 2582 308 2653 6646
326 2583 392 2650 hnc
411 2584 585 2652 'referimus
604 2582 686 2666 spic
711 2582 736 2650 l.
760 2585 801 2650 13
830 2605 892 2674 pro
912 2585 985 2649 neat
1015 2593 1049 2648 et
1074 2582 1100 2648 l.
1123 2581 1164 2650 16
1185 2582 1323 2664 eteocle

222 2685 336 2769 νόμους
356 2709 417 2775 pro
440 2686 593 2752 Aetolico
615 2687 646 2750 ἐν
667 2683 741 2760 τούς
760 2684 897 2769 νόμους,
919 2683 1009 2774 quod
1028 2683 1053 2750 l.
1078 2684 1119 2753 18
1139 2685 1322 2754 rectissime

222 2787 258 2852 iu
280 2785 425 2852 llesselii
453 2787 641 2877 apographo
668 2785 817 2854 traditur.
873 2783 913 2851 ln
933 2783 1167 2876 Byzantiorum
1189 2787 1322 2857 decreto

222 2885 340 2954 Olbiae
369 2886 470 2976 lepidi
498 2885 604 2954 iacieo
632 2909 685 2952 nr.
708 2885 794 2956 2066
822 2907 902 2952 uum
931 2910 996 2977 qua
1023 2889 1096 2976 ejus
1116 2889 1249 2979 generis
1271 2891 1322 2958 in·

222 2989 308 3072 siut,
350 2987 515 3068 difficilius
539 2987 727 3076 judicatur,
772 2987 849 3077 qnia
878 3011 993 3057 recens
1021 2995 1094 3079 ejus
1122 2991 1211 3060 tituli
1232 3005 1321 3064 aetas

220 3089 375 3177 mejerem
395 3089 526 3157 dialecti
547 3089 789 3182 coemptionem
811 3099 952 3160 statuere
972 3095 1152 3184 permittit3
1185 3096 1240 3163 vel
1269 3095 1321 3164 sic

218 3200 326 3258 tamen
347 3215 415 3257 non
435 3191 629 3259 crediderim
651 3193 741 3284 ipsos
762 3193 941 3284 Byzantios
968 3196 1109 3280 ἡγήσαιο
1138 3196 1162 3262 l.
1186 3199 1229 3266 22
1256 3221 1320 3290 pro

221 3293 360 3378 ἆγήσιέιο
382 3294 566 3384 scripsisse.
621 3293 661 3362 ln
684 3295 930 3387 Calymniorum
951 3296 1082 3364 decreto
1104 3296 1145 3363 ad
1166 3299 1320 3368 lesenscs

217 3417 270 3462 nr.
293 3395 377 3465 2671
404 3395 622 3488 pulcherrime
648 3399 772 3489 scripto
799 3399 938 3490 lapicida
967 3399 1052 3468 nihil
1086 3423 1241 3492 peccasse
1270 3403 1319 3470 vi·

218 3497 333 3586 detur-3
354 3519 428 3564 nam
449 3499 689 3567 excusationem
710 3501 808 3568 hahet
821 3503 1037 3586 Δρακοντίδου
1056 3500 1092 3568 in
1113 3503 1247 3571 nomine
1271 3505 1320 3572 le·

218 3601 286 3690 yati
306 3601 449 3669 larensis
470 3611 504 3669 et
523 3605 696 3691 βασιλέως,
730 3623 796 3694 quc
816 3601 1129 3672 Macedoniensem
1150 3605 1319 3696 signitica-
1399 3631 1400 3688 ;

216 3713 281 3769 tur.
325 3703 365 3770 lu
394 3703 519 3772 Dorico
548 3705 678 3773 decreto
707 3707 747 3773 sd
777 3703 982 3796 Bargylietas
1010 3729 1062 3772 nr.
1082 3705 1169 3776 2670
1200 3723 1318 3778 conus
1399 3707 1400 3723 ¹

213 3803 298 3871 male
319 3816 447 3873 exarata
466 3807 619 3876 videntur
638 3813 861 3894 Βαργυλιηιιῑν
895 3809 1095 3901 (quanquam
1122 3810 1186 3878 huc
1213 3833 1318 3880 excu-

213 3906 279 3972 sari
299 3917 420 3998 potest)
449 3931 512 4000 pro
531 3915 748 3999 Bapyotspscis
769 3923 803 3978 et
826 3910 1040 4000 ἅρχιθέωροι,
1073 3929 1175 4002 quum
1196 3925 1316 4004 postes

212 4009 420 4096 &capotium
447 4011 604 4101 scriptum
635 4013 690 4080 eit.
746 4013 786 4080 ln
814 4015 974 4082 sententia
991 4011 1143 4102 judicum
1164 4015 1315 4086 Rhodio·

210 4131 282 4174 rum
311 4110 352 4177 de
379 4111 501 4179 linibus
521 4113 753 4182 Prieneueinm
782 4139 833 4182 nr.
856 4117 941 4186 2965
977 4117 1176 4200 ἀπεδείξαμεν
1202 4131 1237 4186 et
1266 4119 1314 4187 si·

207 4210 298 4278 milia
317 4237 378 4305 pro
401 4212 619 4302 ἀπιδιὶξαμις,
642 4219 749 4305 ἱερέως
771 4229 805 4286 et
824 4221 980 4304 βασιλέως
999 4219 1140 4290 dialecto
1161 4221 1313 4290 Rhodio·

1392 4113 1396 4250 Ι
