2778 4748
285 1375 376 1460 An
400 1373 629 1460 Librum
654 1373 978 1463 Secrtndnnr.

166 1933 263 2021 Peg.
287 1934 320 1999 6.
364 1933 418 2000 De
447 1933 582 2000 Doridis
613 1930 853 2001 interitn‘vidc
882 1933 1001 1998 Franz.
1036 1931 1175 2002 Elcmm.

80 2034 201 2125 Epigr.
225 2035 285 2100 Gr.
309 2059 342 2124 p.
361 2035 445 2120 185,
469 2036 527 2126 qni
548 2035 654 2119 liber,
676 2059 777 2124 quum
801 2033 858 2100 ills
883 2034 1088 2118 scribebam,
1111 2059 1177 2101 non

78 2148 149 2204 eret
169 2137 211 2204 nd
232 2161 374 2204 monum.
441 2136 539 2221 Quod
561 2139 604 2203 V.
628 2137 673 2202 D.
696 2137 977 2226 Amphictyonum
999 2137 1176 2204 concilium

78 2239 239 2305 mntnrins
267 2264 364 2328 qnam
398 2239 548 2330 singulas
579 2240 728 2306 civitates
756 2239 925 2328 vulgarem
961 2239 1108 2329 lingnam
1141 2239 1176 2304 in

79 2339 223 2406 Doricre
246 2340 379 2406 disiecti
405 2343 515 2408 locum
539 2343 698 2408 ascivisse
719 2365 737 2406 e
760 2342 901 2406 decretis
922 2341 957 2404 in
980 2341 1177 2408 Demosthe-

80 2443 136 2508 nis
162 2442 309 2507 oratione
339 2443 380 2507 de
411 2441 540 2507 Corone
572 2465 605 2528 p.
629 2443 703 2508 278.
722 2443 786 2506 279
815 2453 847 2504 et
876 2441 910 2504 in
936 2440 1036 2529 Corp.
1068 2443 1174 2508 lnscr.

80 2569 133 2610 nr.
151 2541 246 2611 1689.
260 2544 329 2608 ml)
351 2543 488 2611 servetis
509 2543 660 2632 colligit,
691 2542 761 2627 jam
784 2542 895 2629 paullo
917 2542 1100 2607 accuratius
1121 2567 1176 2608 ex·

79 2670 203 2738 ponere
241 2645 330 2712 lieet.
397 2646 592 2734 annannr
625 2643 712 2710 enim
746 2643 885 2709 decretis
915 2643 1176 2711 Demosthenem
1308 2709 1312 2724 ,

79 2749 222 2817 orationi
250 2748 384 2815 insertis
405 2750 543 2814 rnnltnnr
566 2747 645 2812 lidei
674 2747 786 2812 deberi
810 2745 944 2835 nequit,
979 2757 1012 2811 nt
1036 2769 1101 2810 non
1125 2769 1176 2812 so·

79 2855 150 2919 lnm
172 2875 223 2917 nr.
248 2835 332 2918 1689
353 2862 386 2917 et
408 2851 503 2918 1689.
522 2851 543 2916 Ιι
566 2849 649 2916 nihil
671 2849 785 2915 Dorici
809 2849 929 2916 labent
950 2859 1175 2938 praeterquam

79 2956 115 3020 in
138 2953 330 3021 nominibus
351 2953 515 3044 propriis,
546 2953 604 3019 sed
625 2953 721 3018 etium
745 2975 793 3016 nr.
816 2951 898 3018 1694
920 2962 952 3016 et
974 2975 1010 3016 es
1033 2952 1173 3028 decretn

79 3081 164 3148 ane
192 3057 228 3122 in
249 3055 363 3122 eodem
392 3055 501 3145 lapide
528 3079 602 3122 cnm
632 3079 681 3120 nr.
706 3055 847 3122 16891»
876 3053 1006 3120 invente
1029 3053 1175 3118 Lcslrins

79 3159 184 3226 edidit
206 3159 241 3224 in
265 3161 396 3224 Travels
418 3161 555 3245 throopl
574 3161 733 3226 Nortlrern
750 3158 868 3222 Greece
885 3155 963 3222 Vol.
976 3155 1021 3219 ll.
1046 3179 1096 3218 nr.
1111 3155 1174 3236 993

78 3275 245 3354 postremo
272 3261 437 3326 decretum
467 3261 506 3324 ab
530 3259 611 3325 liro.
637 3259 754 3324 Curtio
780 3255 818 3349 «in
847 3257 934 3322 llus.
959 3255 1066 3322 Rhen.
1093 3256 1175 3322 1842

78 3391 114 3455 p.
132 3365 174 3432 93
192 3389 287 3454 seqq.
312 3387 363 3428 nr.
381 3365 418 3428 ll
442 3363 565 3430 cdilum
586 3387 605 3428 a
627 3361 737 3428 verbis
757 3362 890 3434 πυλαίας
912 3357 1070 3439 ὀπωρινῆς
1091 3362 1174 3438 ἱερο-

79 3465 313 3549 μιημονούντων
343 3487 495 3530 exorsum
528 3476 640 3554 poster
675 3463 716 3530 sd
748 3461 884 3528 Doridis
916 3483 1011 3526 usum
1044 3458 1171 3523 transit.

79 3571 154 3636 Jam
175 3591 251 3634 vcro
276 3567 334 3632 illo
355 3567 636 3656 Amphictyonum
657 3565 785 3630 decreta
807 3561 938 3638 omnin,
980 3571 1015 3626 nt
1038 3558 1173 3624 Curtius

81 3671 248 3738 Boeclrbio
275 3669 316 3734 sd
345 3693 396 3734 nr.
422 3669 506 3734 1694
535 3678 711 3756 praeeunte
740 3667 823 3732 bene
853 3663 1038 3744 intellexit,
1072 3683 1172 3752 qusn-

79 3797 178 3863 qnam
199 3771 360 3836 baliani
380 3771 468 3836 tituli
490 3793 557 3834 non
579 3793 720 3846 memor,
761 3767 801 3833 nd
824 3789 894 3831 enm
917 3775 1051 3830 aetatem
1073 3762 1173 3852 perti·

81 3888 182 3957 nent,
222 3897 285 3965 qus
308 3873 421 3940 Aetoli
447 3883 570 3936 unium
599 3871 769 3960 potestatis
799 3870 885 3934 inter
914 3866 1172 3955 Amphictyones

80 3977 144 4044 sibi
164 3988 418 4067 arrogaverunt,
455 3987 492 4040 nt
509 3999 621 4040 eornm
643 3973 924 4038 hieromnemnnes
953 3979 1008 4033 snt
1029 3967 1092 4032 soli
1118 3975 1173 4048 out

81 4080 186 4168 prino
215 4082 289 4146 loco
318 4077 559 4160 scriberentur,
603 4075 692 4166 qnod
720 4075 754 4138 in
786 4073 873 4138 tertii
902 4096 931 4136 s.
956 4068 1018 4134 Ch.
1051 4066 1173 4132 saecoli

81 4181 203 4248 exilum
225 4193 258 4250 et
279 4181 415 4249 secundi
439 4181 571 4247 initium
592 4177 708 4246 crdcrc
730 4188 868 4267 oportet.
905 4173 975 4240 Nec
993 4169 1171 4260 quidquam
