2742 4794
383 361 425 437 in
454 362 677 442 universum.
716 368 749 463 §.
779 370 812 446 1.
1105 375 1140 454 ·5

47 573 300 664 &caprarium
334 581 374 636 nt
405 571 447 636 ad
469 596 578 638 omnes
599 573 853 659 Aeolesflrcl’crri
883 578 1028 666 possint,
1058 599 1139 668 quae

48 675 89 740 de
122 673 255 760 singulis
281 671 458 736 mudantur
485 683 517 738 et
545 675 682 740 maxime
708 700 789 764 quae
810 677 945 744 Aeolica
973 691 1138 764 vocentur,

52 776 123 840 uisi
143 776 178 838 de
192 773 396 860 reliquorum
419 771 595 838 differentia
616 787 751 842 constet.
796 777 901 862 Quem
921 781 1139 869 perniciosum

58 897 187 940 encre·
204 875 299 938 l'nrca
322 875 571 962 propellendum
593 899 676 960 esse,
697 879 903 946 Aeolicarum
917 881 1137 968 dialectornm,

64 1000 142 1064 qu
169 975 256 1040 inira
284 969 338 1061 (ἓ.
363 976 424 1056 51)
454 976 677 1059 instituemus,
716 980 908 1076 comparatio
936 981 1136 1048 lucidissime

65 1076 185 1140 iacebit.
239 1073 427 1164 Apparebit
457 1075 560 1153 enim,
593 1075 754 1146 Aeolibus
782 1081 913 1146 Asianis
945 1093 977 1148 et
1006 1083 1137 1148 Boeotis

60 1179 129 1244 ubil
148 1179 218 1242 lere
240 1199 413 1242 commune
434 1200 528 1259 esse,
550 1176 629 1265 quin
650 1177 736 1242 idem
758 1178 800 1244 sit
819 1181 1039 1264 Doriensium,
1061 1207 1137 1249 eon·

56 1291 94 1344 ra
119 1277 233 1344 uultis
259 1274 462 1365 gravissimis
489 1277 586 1342 rebus
614 1277 658 1342 ita
688 1303 799 1346 eorum
821 1280 974 1348 dialectos
996 1284 1135 1370 differre,

53 1393 84 1446 at
107 1393 246 1468 atraque
273 1379 332 1444 vix
360 1377 453 1441 alteri
482 1389 615 1465 cognata
637 1379 817 1464 videretur,
849 1381 913 1446 nisi
934 1383 1135 1466 Thessalica,

51 1481 148 1546 media
171 1480 379 1562 interillos,
406 1489 502 1568 atque
522 1479 649 1568 utrique
669 1481 755 1546 baud
776 1483 873 1548 dubie
894 1484 1016 1566 affinis,
1043 1486 1135 1556 dissi·

50 1584 138 1648 niles
160 1605 292 1648 sorores
308 1579 418 1646 eadem
439 1592 539 1645 matre
560 1591 645 1645 ortas
667 1605 738 1646 csse
761 1583 920 1672 proderet.
966 1585 1136 1650 Praeterea

48 1684 294 1772 parastaticas,
325 1681 381 1772 ubi
404 1681 444 1745 de
464 1680 598 1746 Aeolica
621 1680 757 1750 dialecto
780 1686 974 1772 loquuntur,
1009 1709 1136 1776 semper

48 1789 112 1850 lere
132 1786 175 1850 de
196 1783 360 1849 Aeolibus
382 1781 536 1864 Asianis,
572 1807 645 1848 raro
667 1783 706 1848 dc
729 1783 858 1850 Boeotis
879 1787 929 1852 vel
952 1786 1133 1869 Thessalis,

48 1911 208 1976 anquam
232 1885 273 1950 dc
301 1883 451 1950 omnibus
472 1883 630 1948 Aeolibus
659 1885 835 1971 cogitasse,
870 1886 948 1952 satis
976 1886 1051 1952 inde
1079 1911 1133 1977 ap-

48 2001 155 2078 paret,
197 1986 288 2076 quod
316 2008 398 2074 quae
425 1984 562 2050 Aeolica
590 1997 764 2070 vocantur,
801 2011 838 2052 ea
868 1987 939 2078 ipsa
971 1988 1133 2077 rarissime

48 2089 179 2156 Asianis
198 2099 234 2154 et
254 2087 388 2152 Boeotis
410 2087 587 2152 communia
619 2098 714 2170 sunt,
747 2096 780 2152 ct
799 2088 925 2178 utrique
952 2088 1049 2156 simul
1075 2111 1132 2156 no-

48 2191 160 2256 uiuri
181 2189 310 2269 solent,
332 2188 361 2254 si
383 2188 532 2254 convenit
552 2189 723 2254 intereos.

125 2295 167 2370 4)
200 2292 296 2374 Quae
324 2315 423 2378 quum
452 2289 495 2354 ita
517 2289 600 2369 sint,
631 2313 700 2364 rem
728 2289 770 2354 ita
793 2289 1017 2356 instituendam
1041 2289 1132 2355 duri·-

47 2419 133 2476 nns,
163 2405 200 2457 ut
229 2392 271 2456 de
300 2389 437 2477 singulis
466 2390 611 2456 dialectis
631 2390 776 2456 Aeolicis
804 2415 988 2480 ageremus,
1017 2391 1132 2457 Aeoli-

47 2495 106 2560 bus
147 2492 286 2560 Asianis
327 2493 434 2556 omnia
482 2491 665 2558 dubitanter
707 2493 989 2571 adscriberemus,
1050 2515 1131 2580 qnae

48 2621 146 2686 quan
172 2593 312 2660 Aeolica
346 2615 364 2656 a
396 2593 611 2678 grammaticis
638 2604 810 2674 vocentur,
842 2616 908 2656 non
928 2589 1132 2679 reperiuntur

49 2697 133 2788 apud
158 2703 271 2786 pnitas
300 2692 440 2760 Lesbios
467 2717 570 2782 neque
599 2693 633 2758 in
656 2693 804 2758 Aeolidis
825 2691 987 2756 Asiaticae
1014 2690 1130 2775 titulis,

49 2821 151 2886 aeque
179 2821 219 2862 ea
250 2794 287 2859 in
307 2797 423 2860 horam
443 2793 579 2860 dialecto
607 2795 768 2860 mactanda
790 2794 918 2859 silentio
939 2791 1130 2858 transmitte·

48 2923 172 2980 mns,
213 2920 297 2985 qnae
324 2894 484 2960 Aeolibus
513 2896 652 2978 tributa,
683 2895 836 2960 Bocotica
860 2894 912 2960 vel
941 2893 1130 2958 Thessalica

47 2999 164 3082 ubre,
193 2996 409 3062 certissimum
430 2997 566 3063 videtur.
590 3038 632 3048 —
674 2996 803 3060 Deinde
823 2997 917 3061 etiam
940 2993 980 3060 de
1001 2993 1129 3077 ceteris,

48 3125 126 3190 qne
148 3101 247 3185 vulgo
268 3097 423 3162 Aeolieae
449 3097 624 3180 habentur,
657 3095 803 3162 dialectis
823 3096 999 3176 Eleorum,
1028 3094 1129 3160 Arca·

49 3203 139 3278 dnm,
160 3199 299 3264 aliorum
320 3197 621 3265 Pseudaeolicarnm
642 3198 771 3262 nomine
787 3195 1040 3287 disputabimus,
1063 3217 1128 3282 quo

8 3347 9 3386 3
50 3303 161 3368 nelina
189 3310 362 3390 appareat,
400 3299 521 3388 optimo
544 3300 620 3388 jure
641 3310 751 3364 eontra
773 3298 942 3364 Strabonis
962 3295 1129 3362 auctorita·

51 3417 108 3472 ιιι
129 3427 170 3470 ea
190 3401 400 3474 Aeolicamm
422 3425 554 3478 numero
575 3425 629 3470 eas
658 3425 677 3474 a
702 3400 797 3468 nobis
817 3411 958 3471 axonae
978 3419 1060 3469 esse.
1086 3433 1128 3448 -

90 3673 174 3772 ne'
202 3679 454 3770 dialecto
479 3677 712 3764 Aeolum
737 3675 1081 3762 Aslonmmu.

539 3848 570 3943 §-
599 3855 631 3921 a.

460 3996 523 4065 ¹¹⁶.
538 3994 715 4044 tontibus.

109 4133 141 4218 1)
173 4116 428 4198 Grammaticos
458 4114 627 4206 antiquos,
665 4111 722 4178 ubi
760 4121 891 4180 monent
926 4107 965 4176 de
994 4105 1132 4174 dialecto

8 4289 9 4300 ,
39 4231 175 4321 Aeolica,
220 4241 406 4314 nunquam
440 4219 507 4286 iere
539 4240 605 4286 nou
642 4213 823 4302 intelligere
864 4212 951 4282 solos
987 4208 1130 4276 Asianos
