2866 4766
125 369 159 462 §.
172 369 233 446 38.
258 371 316 444 Do
334 397 450 468 praes.
471 391 705 454 contractet
726 381 838 458 futur.
856 385 1117 485 conjugatione.
1143 391 1220 470 309

208 573 461 666 conjugationis
476 583 662 671 paradigma
685 611 849 676 apponere
868 589 903 654 in
924 599 1011 660 tanta
1031 596 1217 684 formarum,

124 699 208 766 quae
232 677 350 766 partim
378 680 469 770 ipsae
498 684 674 773 leguntur,
719 691 836 779 partim
866 705 953 758 certa
982 697 1133 787 analogia
1163 701 1218 766 de·

121 789 366 864 monstrantur,
402 783 631 854 difficillimum
661 813 722 854 nec
745 793 928 860 satisutile
950 795 1088 862 videtur.
1142 798 1218 866 Sin·

121 881 219 968 gulas
248 881 370 948 formas
399 907 418 948 e
444 889 570 977 regulis
598 893 777 982 propositis
807 895 902 960 facile
924 897 1122 966 amaveris
1144 911 1217 968 ete

121 983 155 1066 ἓ.
179 983 233 1050 25.
257 983 312 1050 26.
341 987 381 1053 21
413 991 571 1079 exemplis
603 992 816 1061 adstruxeris.
873 996 988 1064 Solum
1021 1003 1215 1089 praesentis,

120 1107 265 1174 quocum
288 1087 432 1153 luturnm
456 1093 624 1177 concinit,
662 1095 874 1164 indicativum
898 1099 1053 1185 objectivi
1075 1127 1216 1194 appone·

121 1211 213 1265 mus,
238 1188 325 1253 unde
346 1189 464 1278 ingcus
486 1195 660 1260 formarum
683 1199 823 1265 varietas
843 1213 1009 1291 appareat.

122 1323 263 1414 Singl.
309 1327 404 1407 φιλέω
427 1367 466 1378 -
492 1331 574 1414 palai
594 1374 635 1385 -
660 1335 751 1417 pallor
773 1357 841 1402 sev.

226 1427 258 1492 2.
304 1432 402 1511 φιλεῖς
423 1473 464 1483 -
487 1435 574 1516 palio

225 1527 258 1594 3.
303 1533 387 1614 polsi
555 1557 559 1566 ’

119 1629 213 1696 Plus.
227 1632 256 1698 l.
303 1635 445 1718 oals'oucc
463 1677 503 1685 —
526 1642 673 1719 φιλοῦμες
683 1638 754 1704 mit.
774 1645 815 1690 -“-
838 1651 980 1727 φιλιῦμις
995 1689 1035 1698 -
1059 1654 1210 1736 φιλίομες,

383 1739 547 1819 paliuros,
572 1743 706 1822 φιλῶμες
728 1763 796 1809 scv.
939 1750 954 1830 1'

225 1837 258 1901 2.
303 1840 416 1918 φιλεῖτε
439 1839 511 1904 mit.
534 1878 572 1890 -
598 1847 705 1924 φιλῆιι
729 1865 795 1910 sev.
864 1853 870 1934 J

138 1937 142 1946 ’
226 1935 258 2001 3.
302 1941 436 2022 pelium
458 1965 498 1990 -·
527 1948 666 2024 φιλοῦντι
689 1944 823 2046 mit.7'
852 1953 985 2028 φιλεῦνιι
1006 1993 1047 2003 -
1080 1957 1211 2036 pellunt

195 2047 198 2054 “
382 2055 414 2110 ct
437 2044 556 2126 φιλόιτι
579 2070 647 2112 sev.
909 2056 913 2064 '
950 2073 954 2078 '
1036 2045 1038 2050 ⁵

202 2220 236 2288 2)
268 2219 378 2288 Verba
400 2222 434 2286 in
455 2249 501 2287 αω
523 2247 620 2314 quam
640 2223 870 2290 contractionis
888 2225 1049 2292 rationem
1073 2253 1210 2319 sequens

115 2331 190 2399 tur,
213 2319 248 2386 iu
271 2326 302 2405 ξ.
319 2326 362 2390 24
381 2325 566 2414 expositum
590 2337 650 2390 est.
694 2325 837 2391 Vasates
861 2349 1026 2416 uunquam
1049 2353 1114 2395 non
1137 2355 1209 2400 coa·

115 2423 263 2507 lesaunt,
300 2439 336 2490 ut
358 2427 453 2491 etiam
476 2429 536 2492 lrac
557 2428 598 2493 de
620 2449 718 2494 causa
740 2426 880 2504 ἇπήλαοι
902 2427 1045 2517 Lysistr.
1070 2431 1150 2500 1001
1173 2434 1208 2500 in

1 2573 3 2606 ,
113 2521 261 2602 ἀπήλααν
283 2528 472 2594 mutandum
493 2529 538 2594 sit
558 2529 583 2594 i.
606 2527 824 2604 osanam
845 2529 912 2594 vid.
937 2532 969 2612 ἕ.
992 2532 1026 2613 0,
1049 2532 1085 2597 3.»
1127 2533 1209 2598 Coa·

115 2625 246 2694 lescuut
273 2641 379 2696 sutem
411 2633 510 2697 ae'ot
541 2657 581 2707 αη
612 2629 733 2719 ubique
765 2629 808 2694 iu.
826 2629 1023 2714 afletada
1046 2658 1084 2698 oo
1107 2645 1140 2698 et
1163 2661 1209 2701 oo

116 2752 214 2819 saepe
235 2731 269 2796 iu
294 2739 331 2808 ῑι,
355 2755 421 2798 non
438 2757 575 2822 semper.
623 2732 770 2798 Primum
792 2732 885 2798 enimv
903 2732 1020 2821 stirpes
1039 2737 1206 2824 monosyl-

114 2832 232 2916 labae,
267 2845 302 2900 ut
321 2839 382 2913 ao,
407 2839 469 2912 ζῶ,
494 2839 560 2916 fiai,
592 2836 633 2900 de
655 2833 776 2926 quibus
796 2834 872 2900 vide
893 2837 924 2915 ᾗ.
949 2835 1008 2916 42,
1040 2861 1081 2901 nc
1103 2837 1205 2902 ullum

114 2935 251 3024 quidem
273 2937 344 3024 ejus
366 2937 598 3003 contractionis
620 2935 761 3003 Doricae
788 2935 963 3024 vestigium
985 2937 1118 3023 tenent,
1153 2940 1206 3004 de-

114 3037 195 3102 inrlc
216 3063 281 3104 raon
305 3039 409 3128 magis
433 3039 718 3129 plurisyllalrarum
741 3047 798 3108 eae
818 3039 960 3120 lormae,
993 3062 1128 3128 quarum
1157 3041 1206 3108 ul·

114 3139 214 3206 timae
239 3142 384 3230 syllabae
415 3141 635 3210 contractione
662 3152 858 3229 tanguntur,
892 3151 930 3205 ut
958 3145 1052 3218 νικῶ,
1087 3143 1204 3222 ἐνίκων,

1 3323 2 3332 ¹
113 3248 212 3306 scacis
245 3241 333 3331 (uam
361 3243 534 3334 participia
555 3249 660 3328 γελᾶν,
695 3247 764 3308 ἐλᾶν
785 3266 803 3307 a
825 3243 1046 3332 grammaticis
1067 3267 1205 3309 comme·

114 3357 237 3410 morata
260 3371 279 3413 e
300 3346 440 3438 reliquis
461 3346 611 3431 casibus,
634 3355 670 3411 ut
690 3348 845 3427 γιλᾶιτις,
871 3346 988 3419 itiner
1006 3344 1080 3410 licta
1093 3345 1204 3410 viden·

113 3451 208 3534 tur),
230 3461 394 3540 postremo
416 3447 511 3512 etiam
535 3448 570 3512 in
593 3445 708 3512 mediis
730 3444 867 3535 syllabis
891 3444 1035 3535 genuina
1056 3445 1158 3512 Doris
1181 3473 1205 3510 ω

112 3573 183 3616 nou
207 3549 341 3617 omnino
363 3550 528 3640 respuisse
550 3551 690 3616 videtur.

201 3649 375 3741 optativus
406 3651 503 3718 modo
530 3653 682 3740 vulgares
711 3649 956 3718 terminationes
986 3648 1204 3738 assumpsisse
1323 3711 1325 3718 ⁴

112 3753 262 3830 dictur,
290 3766 330 3819 ut
349 3757 424 3834 ιιιιῷ
445 3754 552 3820 Alcm.
578 3755 619 3821 54
642 3751 735 3838 (83),
764 3749 851 3817 siin
874 3759 962 3816 tauta
983 3751 1204 3840 exemplorum

112 3854 253 3947 penuria
273 3853 433 3921 Alcmene
457 3855 504 3920 uti
526 3856 621 3939 licet,
645 3859 734 3936 λῷιι,
757 3853 848 3942 quod
869 3851 988 3941 Epich.
1007 3851 1048 3918 58
1069 3855 1203 3942 agnosci

113 3981 213 4048 posse
234 3957 382 4041 videtur,
413 3958 508 4022 modo
533 3958 680 4041 Atticas,
703 3967 738 4022 ut
760 3955 820 4036 λῴη
845 3953 961 4044 Epich.
980 3955 1052 4022 137.

198 4061 251 4127 De
282 4061 516 4126 nonnullorum
546 4058 717 4125 verborum
746 4056 788 4121 ad
817 4055 1077 4143 conjugationem
1104 4057 1139 4123 iu
1163 4083 1202 4122 em

112 4163 253 4230 transitu
276 4187 350 4229 mox
374 4161 532 4228 dicemus.
576 4157 674 4224 Nunc
691 4159 787 4228 etiam
809 4157 863 4224 lric
884 4156 1095 4226 indicativum
1112 4181 1201 4250 prae·

114 4265 220 4337 scutis
243 4264 396 4352 objectiri
419 4263 560 4352 exempli
584 4283 679 4328 causa
701 4283 939 4352 proponemusa
