2742 4794
1097 329 1149 402 lx

54 539 234 632 trnqnlitana
244 536 496 629 provocatione
509 535 637 604 excitati
649 535 810 606 doctiores
829 537 865 602 iu
886 539 947 604 boc
961 549 1153 626 argumente

59 677 220 747 itarersati
242 687 365 761 erum,
387 686 427 742 ut
448 685 557 742 nostra
578 674 685 740 studia
705 675 814 742 inania
826 677 930 744 videri
950 677 1087 767 possint.
1109 717 1152 732 .-
1209 741 1222 758 ,

67 821 125 886 Sia
138 843 206 885 rere
224 819 313 882 baec
337 815 447 907 prima
463 815 572 904 operis
592 839 666 904 pars
686 815 785 882 Tibi
807 828 842 884 et
859 817 932 886 aliis
953 816 1079 884 idoneis
1095 819 1151 906 ju-

74 957 178 1024 res-s
211 953 331 1044 uque
366 952 465 1018 raude
494 951 594 1042 ugni
620 951 682 1020 est
707 951 776 1019 us.
804 976 911 1044 neque
939 953 996 1019 us
1021 921 1152 1019 inerim

69 1094 258 1178 exstiterint,
283 1091 346 1182 qui
367 1088 581 1156 laudabiliora
602 1088 793 1174 exhibeant,
820 1091 1021 1182 propesitum
1042 1103 1092 1159 est
1113 1091 1154 1157 de

65 1235 206 1303 onibus
236 1228 381 1298 Graccis
412 1227 577 1307 dialectis,
606 1239 733 1318 praeter
750 1227 910 1315 Atticum,
945 1255 1028 1320 quae
1054 1231 1154 1317 vulgo

65 1369 281 1464 gemmeticis
304 1390 403 1434 curae
425 1381 493 1446 est,
513 1365 557 1432 ita
578 1367 754 1457 disputare,
776 1380 814 1434 ut
834 1357 991 1458 cujusque
1011 1370 1154 1460 proprie·

66 1523 128 1593 tas,
151 1509 305 1576 omniurn
326 1507 413 1572 inter·
434 1505 570 1572 seratis
591 1520 753 1596 appareat.
802 1505 919 1597 Neque
939 1517 1046 1582 temen
1066 1523 1155 1597 prac-
1211 1463 1214 1477 =

68 1653 220 1718 mittenda
242 1607 488 1738 judicavinius,
521 1668 603 1735 quac
630 1646 781 1713 universe
802 1648 893 1737 operi
920 1647 1086 1738 prooemio
1107 1671 1156 1715 es-

70 1803 155 1867 arat,
194 1799 230 1854 et
260 1789 341 1876 quia
361 1782 495 1850 dubiurn
515 1781 684 1848 ridebatur
711 1807 754 1848 an
776 1783 994 1850 desistendum
1022 1796 1108 1850 essct
1138 1809 1157 1852 a

69 1927 258 2022 popusitus,
291 1935 325 1990 et
344 1921 421 2012 quie
441 1921 594 2012 pleraque
622 1945 688 1988 non
709 1937 847 2012 pessunt
866 1947 939 1990 cum
965 1926 1072 1994 fructu
1093 1926 1157 1992 dis·

71 2065 196 2160 putari,
225 2061 418 2155 prinsquam
439 2057 479 2126 de
502 2059 642 2148 singulis
664 2057 812 2128 dialectis
833 2063 1012 2128 accuratius
1033 2065 1159 2154 quaesi·

6 2255 10 2272 .
71 2215 138 2271 tn·
159 2203 215 2269 sit.
267 2199 365 2266 Nune
387 2197 505 2264 sufficit
523 2221 675 2283 monere,
703 2201 843 2288 primurn
865 2201 906 2268 de
926 2202 968 2268 iis
989 2229 1049 2272 nes
1071 2217 1158 2282 aetu÷

72 2367 125 2409 aaa
145 2341 291 2407 Graecae
311 2335 445 2425 linguae
466 2335 676 2421 differentiis,
699 2337 816 2428 quibus
836 2339 942 2405 variae
962 2341 1159 2409 Graecorum

74 2478 190 2566 stirpes
218 2497 298 2542 usae
325 2482 429 2557 eunt,
452 2471 568 2537 deinde
594 2471 636 2538 ed
663 2497 717 2540 eas
746 2497 954 2558 accessuros,
983 2501 1066 2565 qunc
1092 2489 1169 2558 antu

76 2611 166 2703 qand
184 2610 219 2676 ia
238 2605 426 2681 numericis
446 2607 643 2674 carminibus
669 2607 790 2672 lactum
811 2631 883 2674 esse
903 2607 1048 2692 uidetur,
1081 2609 1162 2674 anti·

6 2731 8 2828 l
77 2771 214 2839 quorun
234 2742 470 2834 rhapsodorum
491 2754 524 2810 et
551 2737 756 2822 librarinmm
777 2743 872 2836 culpe
898 2755 953 2812 aut
969 2746 1163 2838 scriptorum

74 2883 208 2954 ώῖἳῐῖθ
227 2882 361 2948 ”imm
382 2877 543 2986 qmssdfflt
565 2879 706 2978 Speciem
727 2878 903 2972 praebent,
925 2883 990 2950 nisi
1010 2887 1093 2953 lurte
1113 2886 1163 2952 in·

6 3017 7 3046 ³
76 3039 126 3092 ter
153 3026 263 3115 ipsum
284 3045 367 3110 epus
389 3019 535 3088 ordinem
562 3017 765 3110 propositum
792 3035 915 3091 mutare
936 3026 1036 3092 satius
1059 3027 1165 3094 visum
1233 3017 1243 3028 “

6 3121 7 3194 l
76 3161 150 3230 erit
196 3159 252 3226 Ab
273 3155 420 3226 Aeclicis
441 3155 588 3226 dialectis
608 3159 737 3228 initium
758 3161 940 3230 faciendum
962 3164 1113 3232 duximus
1135 3175 1167 3230 ct

6 3385 7 3392 ἵ
79 3300 155 3392 qnia
176 3299 312 3364 ruerunt
331 3319 455 3386 nuper,
478 3295 556 3385 qni,
579 3291 637 3362 Te
656 3297 858 3388 potissimum
880 3312 1023 3387 auctore,
1044 3303 1167 3368 Acoles

6 3397 7 3434 r
79 3433 217 3527 reliquis
245 3431 381 3504 Graecis
410 3431 653 3526 antiquissimae
691 3435 823 3526 linguae
852 3427 1031 3507 &saniores
1067 3441 1169 3508 luisse

82 3573 327 3655 contenderent,
349 3581 383 3636 et
403 3569 480 3658 quia
503 3567 538 3638 in
558 3571 619 3638 bac
640 3571 747 3662 operis
768 3586 858 3664 purte
879 3577 985 3644 minue
1004 3580 1169 3644 doctorum

82 3713 199 3780 stadiis
226 3707 381 3778 destituta
406 3706 546 3798 optime,
579 3707 659 3798 quid
684 3699 749 3802 ipsi
771 3713 970 3800 valeremus,
1001 3713 1171 3802 dijudicari

83 3873 179 3942 pesse
198 3847 424 3940 opinabamur.

165 3987 217 4057 De
237 3986 293 4054 via
315 3996 414 4076 atque
438 3981 581 4062 ratione,
616 4007 711 4073 qnam
733 3988 836 4055 secuti
858 4013 993 4077 snmus,
1028 4013 1117 4058 nunc
1139 3989 1174 4054 iu

6 4057 8 4170 l
84 4143 165 4202 auu
196 4120 373 4198 scribendi
398 4105 583 4190 difficultate
614 4125 751 4214 praefari
783 4129 946 4195 nolumus.
1012 4129 1082 4198 Alii
1112 4125 1176 4196 alia

6 4371 8 4458 ἴ
