2872 4780
322 347 355 440 §.
382 349 445 427 20.
497 351 555 424 De
579 379 601 437 η
626 373 693 446 pro
718 377 747 422 ee
771 363 807 422 et
835 378 860 420 ω
886 373 953 446 pro
979 379 1028 423 ου.
1072 383 1077 396 ’
1152 349 1225 427 153

129 550 243 630 ΡΜ,
266 552 369 638 λήγω
380 552 489 620 Rhod.
501 553 598 622 2905.
610 552 725 636 ΡΜ,
748 551 795 634 μή
816 549 954 643 ubique,
975 553 1221 630 MidosPind.
1257 589 1281 604 ⁴·

95 655 300 741 ssimoer„
331 654 494 732 Μήδεια
514 656 636 738 ΡΜ,
668 654 846 738 μήδομαι
867 664 900 720 et
919 653 1061 720 derivate
1083 655 1180 722 Pind.

170 745 174 752 ⁴
213 761 266 840 μῆ
273 768 338 837 tn,
362 780 479 847 peeore
500 757 630 836 (Boeot.
645 754 747 844 pride)
768 757 854 847 epod
869 755 1049 850 Pindarum
1067 756 1224 848 nBoeek·

126 859 188 926 lrio
209 882 251 925 ex
271 859 423 926 omnibus
444 859 541 927 libris
562 858 747 926 restitutum
769 871 820 924 est
839 857 879 922 P.
899 858 961 943 lv,
985 859 1058 927 148.
1081 859 1146 942 ΙΧ,
1169 861 1224 944 66,

129 985 150 1028 e
172 961 340 1052 plerisque
360 962 474 1028 ssltem
502 972 536 1027 et
554 962 688 1051 optimis
710 959 765 1028 01.
789 959 876 1043 vll,
897 960 960 1040 63,
983 961 1045 1045 80,
1076 963 1155 1028 item
1183 987 1224 1028 ex

6 1069 8 1150 ζ
130 1063 285 1131 omnibns
307 1062 483 1147 μηλοβότας
509 1063 537 1130 l.
561 1063 598 1141 I,
618 1063 681 1144 48,
714 1061 888 1144 μηλόβοτος
915 1062 1067 1148 P.X11‚
1089 1065 1132 1147 2,
1164 1092 1225 1146 μη-

129 1163 249 1247 λοδόκῳ
270 1167 312 1232 Ρ.
327 1165 391 1249 111,
412 1165 473 1242 27,
497 1165 629 1249 εὔμηλος
652 1163 783 1248 01811,
807 1163 888 1248 100,
910 1163 1084 1247 πολύμηλος
1105 1166 1144 1232 Ρ.
1158 1167 1223 1251 IX,

128 1266 173 1351 6,
205 1291 306 1358 quum
329 1268 481 1357 Heynins
501 1269 694 1358 plerumque
715 1263 841 1357 primns
861 1267 1039 1351 Dorienm,
1071 1291 1154 1358 quoe
1178 1270 1224 1335 vi·

127 1369 288 1454 debetne,
323 1371 460 1442 formem
492 1367 682 1436 invexisset.
738 1367 855 1436 Restst
885 1368 1017 1436 unicum
1050 1372 1226 1454 notvpdtov

126 1475 273 1548 Σικελίας
296 1471 353 1538 01.
376 1473 411 1550 1,
436 1473 496 1556 12,
535 1472 623 1562 qnod
645 1473 687 1538 'in
709 1470 863 1538 omnibns
884 1471 980 1537 libris
1002 1495 1076 1538 esse
1096 1473 1225 1542 videtur

125 1585 226 1666 etque
247 1575 438 1642 Hermanno
459 1574 500 1640 de
522 1573 601 1639 disl.
623 1573 724 1640 Pind.
747 1598 781 1664 p.
799 1575 843 1642 22
864 1586 897 1639 et
915 1573 1082 1642 Boeekhio
1103 1577 1144 1642 ed
1166 1577 1222 1644 01.

126 1676 199 1756 vl,
222 1677 286 1746 100
315 1677 465 1744 Aeolieis
486 1676 648 1766 rhythmis
669 1676 789 1742 melius
811 1675 985 1742 convenire
1007 1677 1221 1746 existimetur.

126 1777 197 1845 Nos
215 1779 285 1866 jem
302 1779 459 1846 effinnsre
478 1779 647 1861 eudemus,
671 1804 691 1842 α
702 1777 737 1842 in
752 1779 813 1844 hee
828 1799 908 1844 voee
922 1801 983 1844 nee
993 1767 1153 1846 Doricum
1168 1806 1224 1849 ne·

128 1903 194 1972 qne
202 1879 376 1948 Aeolicum
389 1905 462 1948 esse
472 1904 582 1972 neque
591 1879 653 1947 uui
664 1877 842 1946 eniminum
851 1879 1098 1966 Pindaricum
1111 1886 1224 1973 generi

128 1995 255 2073 aptum,
279 1983 335 2050 sed
350 1984 602 2074 hyperdorium
617 1993 650 2048 et
665 1980 809 2048 librariis
823 1981 979 2066 debitum,
1002 2005 1140 2073 qnorum
1153 2009 1224 2054 eor·

126 2086 292 2154 rectiones
306 2087 343 2153 in
355 2085 471 2176 primis
485 2086 558 2152 odis
570 2081 738 2175 Olympiis
753 2083 992 2172 frequentiores
1014 2095 1103 2169 sunt,
1126 2111 1222 2177 qoem

126 2187 163 2254 in
184 2188 324 2279 reliquis
344 2187 555 2256 ees-minibus.
609 2185 708 2270 Quod
730 2185 925 2252 Enstettsius
952 2211 987 2277 p.
1012 2187 1089 2272 877,
1111 2189 1152 2258 55
1183 2215 1224 2258 ex

126 2289 349 2380 Aristophane
373 2289 587 2382 ¹prrsmmetieo
608 2289 726 2370 refert,
756 2286 961 2354 Simonidem
984 2288 1100 2356 hovem
1128 2299 1226 2375 μᾶλον

126 2391 223 2476 ἤγουν
254 2397 352 2474 μῆλον
380 2413 609 2482 nuncupasse,
651 2411 793 2456 errorem
824 2389 966 2479 aliquem
996 2414 1035 2456 eo
1065 2393 1225 2462 libentius

127 2519 291 2584 agnosco,
314 2495 402 2585 quod
423 2496 459 2560 in
478 2493 626 2582 ejusdem
646 2491 827 2559 testimonii
846 2491 1040 2580 repetitione
1060 2498 1157 2576 μῆλον
1172 2495 1224 2563 Si·

126 2596 255 2664 menidi
273 2597 441 2664 tribuitur.

214 2699 391 2785 μην-ὂς,
423 2697 581 2765 mensis
612 2720 631 2763 s
660 2695 860 2764 nominativo
888 2693 950 2778 μής
969 2696 1024 2762 vel
1045 2701 1111 2779 μείς
1139 2701 1221 2782 (vid.

127 2801 161 2885 §-
185 2801 241 2884 31)
262 2799 373 2869 Rhod.
395 2801 493 2886 2525,
517 2801 551 2866 h.
586 2798 676 2867 Cret.
700 2797 785 2867 2556
808 2809 870 2864 ete.
901 2797 945 2864 ef.
969 2797 1072 2865 Lesb.
1097 2807 1221 2884 μῆννος,

128 2903 245 2972 Boeot.
269 2903 421 2986 μειν-ός,
444 2903 518 2970 Let.
542 2901 710 2970 mensis.
755 2899 843 2966 Male
860 2899 962 2987 igitur
976 2901 1016 2967 nb
1036 2902 1224 2974 Herodiano

128 3005 211 3089 (vid.
235 3017 305 3072 not.
329 3005 366 3093 6)
396 3005 520 3074 Doriee
547 3005 607 3088 μήν
628 3005 663 3072 in
685 3001 745 3086 μάν
765 3001 883 3068 mutari
905 3002 1045 3087 dieitur,
1080 3007 1136 3074 ubi
1158 3011 1223 3078 for·

128 3120 218 3176 tesse
238 3107 297 3194 χήν
311 3108 547 3176 restituendum
567 3118 627 3176 est.
671 3111 787 3189 μῆτις
807 3104 921 3192 ΡΜ,
943 3105 1088 3186 νήπιος
1111 3111 1222 3192 ΡΜ,

129 3210 299 3296 Νηρεύς
321 3211 442 3296 ΡΜ,
476 3209 598 3296 ξηρός
619 3209 772 3293 Herod„
798 3209 977 3291 ’Όμηρος
999 3209 1123 3294 ΡΜ,
1156 3241 1223 3280 πε-

128 3311 271 3391 τεηνός
304 3313 422 3404 Epich·
455 3313 537 3396 103,
578 3312 796 3390 πηδάλιον,
838 3313 1000 3390 πηκτὶς,
1043 3317 1221 3402 Πηλεύς,

130 3419 257 3496 πῆμα,
294 3414 474 3494 Πηνειός
502 3414 622 3498 ΡΜ,
658 3417 834 3510 πριῆστις
862 3411 980 3500 Epion.
1005 3413 1064 3498 30,
1100 3421 1224 3495 σηπία

129 3517 251 3607 Epieh.
274 3517 328 3595 32,
352 3521 506 3596 στῆθος
526 3517 640 3599 ΡΜ,
664 3514 793 3593 σωλήν
815 3513 932 3602 Epieh.
951 3515 1006 3599 23,
1030 3517 1149 3607 Sophr.
1167 3523 1221 3607 54,

128 3623 220 3696 τῆλε
251 3641 324 3685 enm
364 3619 519 3686 derivatis
551 3617 673 3703 ΡΜ,
717 3616 843 3706 τηρέω
875 3615 994 3701 ΡΜ,
1041 3619 1224 3703 φάσηλος

128 3721 250 3813 Epion.
275 3721 357 3806 102,
388 3725 513 3808 priene
535 3720 653 3816 Sophr.
678 3719 731 3787 51.

616 3881 648 3967 ἕ.
684 3881 738 3950 20.

431 4013 509 4063 ‚Bo
527 4030 544 4079 η
561 4025 628 4077 pro
646 4029 669 4062 es
687 4015 725 4062 et
742 4028 762 4060 n
779 4023 847 4074 pro
866 4028 904 4062 ov.

216 4125 250 4212 1)
281 4125 442 4192 Monitum
465 4135 517 4192 est
535 4147 651 4214 supro,
675 4123 899 4214 gravissimam
917 4123 1052 4190 Doridis
1066 4147 1221 4213 generum

131 4228 317 4296 verietstem
339 4229 375 4294 in
397 4229 458 4296 hoe
480 4227 554 4296 loeo
576 4225 743 4318 eonspiei3
764 4238 886 4318 portem
905 4227 993 4292 enim
1010 4226 1221 4293 Doriensiom
