2844 4770
481 333 572 430 §.e
622 279 878 412 neronem.
1171 337 1223 416 se

130 540 215 608 stola
235 537 425 632 Epimenidi
451 539 619 632 supposita
649 540 734 631 apud
754 539 855 632 Diog.
878 539 986 609 Laert.
1017 541 1055 628 1,
1076 542 1138 610 105
1165 542 1223 612 uli·

129 653 294 734 quatenus
316 642 490 732 genuinam
511 643 683 712 disiectum
704 645 814 710 refert.
834 681 877 696 -·
921 643 1222 734 Cyrenaeorum

130 745 307 812 dialectum
333 744 404 810 noli
431 733 585 837 quaerere
610 745 646 812 iu
666 746 831 838 Aristippi
852 745 1031 836 Cyrenaei,
1063 769 1146 838 quac
1174 749 1222 816 le·

130 859 268 933 muer,
305 847 452 938 epistolis
473 849 594 933 (Orell.
617 848 723 939 Epist.
745 873 780 938 p.
806 849 846 916 16
866 851 1002 940 seqq..),
1045 873 1147 940 quae,
1192 850 1222 919 si

134 949 262 1040 qundo
284 949 400 1016 Dorici
426 950 506 1042 quid
534 951 686 1041 sapiunt,
728 961 848 1016 tantam
877 951 1038 1018 inscitium
1066 952 1220 1044 produnt,

133 1075 215 1144 quae
238 1052 412 1137 Σωκράτὰς
432 1063 465 1118 et
485 1053 604 1120 similia
625 1053 748 1120 Dorica
768 1052 1010 1121 existimaverit.

217 1155 276 1239 19)
318 1155 529 1222 Pindarus
551 1155 735 1247 reliquique
756 1162 870 1246 poitac
893 1156 1007 1246 Lyriei
1035 1159 1220 1248 (Alcmene,

129 1256 173 1324 de
206 1281 273 1348 quo
305 1282 404 1349 supra
434 1258 593 1344 vidimus,
637 1263 785 1348 excepto)
824 1258 1032 1352 mitiorem
1062 1261 1221 1330 Doridem

127 1359 293 1428 Iaeslriaea
313 1370 346 1426 et
365 1359 458 1450 epira
479 1359 615 1426 dialecto
638 1371 918 1452 temperaverunt,
947 1387 1027 1455 quus
1054 1363 1146 1453 leges
1172 1387 1222 1432 se·

127 1462 252 1552 qunti,
284 1462 320 1528 iu
340 1463 436 1534 t'ertio
455 1461 542 1528 libro
562 1463 761 1532 docebimus.
816 1465 915 1532 Nunc
936 1464 971 1530 in
992 1474 1079 1532 tauta
1099 1466 1224 1534 dubita·

126 1566 245 1650 tione,
266 1564 353 1630 unde
375 1589 523 1656 quaeque
544 1565 760 1657 arripuerint,
783 1567 968 1634 cautissime
988 1589 1100 1634 eorum
1114 1579 1221 1636 aucto·

127 1667 227 1734 ritate
249 1677 389 1733 utemur.
444 1668 580 1736 Cautius
601 1670 698 1736 etism
718 1670 754 1736 in
777 1669 976 1736 Callimacho
998 1679 1032 1736 et
1050 1669 1124 1736 aliis
1145 1677 1223 1762 poli·

127 1769 176 1836 tis
195 1769 433 1836 recentioribus
454 1772 647 1838 versandum
669 1781 737 1856 est,
761 1771 817 1836 ubi
839 1771 963 1838 accedit
982 1772 1147 1862 suspicio,
1179 1797 1222 1840 ne

130 1895 196 1962 qua
216 1871 396 1938 seeundum
415 1873 553 1940 Doridis
574 1873 754 1961 analogiam
774 1873 858 1940 male
879 1873 1045 1940 linxerint.
1061 1912 1110 1960 ‚-
1138 1875 1224 1945 Pau·

130 1973 263 2040 cissima
285 2000 303 2041 c
327 1975 573 2042 dramaticorum
586 1975 706 2066 lyricis
725 1975 873 2067 portibus
893 1976 1132 2066 intelliguntur.

214 2076 273 2158 20)
315 2077 486 2144 Postremo
507 2079 547 2146 de
569 2078 855 2168 grammaticis
877 2079 1131 2164 dicendumest,
1150 2079 1230 2171 qui-¹

130 2179 194 2247 bus
210 2179 323 2246 eadem
344 2180 468 2246 ratione
491 2181 543 2246 usi
564 2204 675 2246 sumus
696 2205 761 2272 qua
785 2181 820 2246 iu
841 2181 926 2247 libro
947 2181 1066 2272 primo.
1119 2181 1225 2274 Apol·

129 2282 242 2348 lunius
263 2279 428 2371 Dyscolns
449 2282 583 2350 Doridis
612 2294 760 2352 auctores
789 2281 993 2374 Soplrronem
1018 2284 1224 2374 potissimum

130 2384 284 2450 habetet
306 2383 517 2471 Alcmanem,
539 2385 643 2452 rarius
665 2385 896 2476 Epicharmum
921 2395 954 2452 et
974 2385 1226 2454 Tarentinorum

133 2485 265 2554 dialecti
286 2487 530 2570 mintionem,
561 2486 607 2552 ita
634 2499 690 2565 ut,
723 2511 938 2577 quaecunque
958 2487 1094 2554 Doridis
1121 2489 1226 2580 speci·

135 2588 222 2656 mina
243 2599 373 2656 auctore
405 2612 473 2654 uon
504 2588 669 2656 nominato
696 2591 808 2673 effert,
839 2590 918 2654 satis
946 2589 1146 2656 confidenter
1166 2591 1227 2658 Al·

135 2691 242 2758 emani
269 2691 414 2758 tribuere
434 2691 550 2776 liceat,
584 2715 685 2780 quum
712 2698 842 2781 puttam
863 2681 1015 2780 sapiunt,
1048 2690 1227 2781 sophroni,

133 2817 234 2884 vam
255 2793 438 2884 pedestrem
462 2815 661 2873 sermonem,
695 2794 739 2862 cl.
763 2815 846 2884 quae
866 2792 1051 2860 monuimus
1079 2791 1116 2860 iu
1135 2791 1225 2862 llius.

132 2895 244 2964 lllreu.
268 2897 351 2966 1839
372 2921 406 2986 p.
430 2897 506 2966 234.
552 2894 748 2962 Cautissime
768 2894 936 2962 'l'lreocriti
956 2895 1145 2967 auctoritate
1166 2897 1229 2964 uti·

9 3035 11 3054 ·
134 3009 209 3085 tur,
244 3023 412 3090 nunquam
433 2997 570 3066 Pindari
591 3009 623 3064 et
644 2997 845 3087 reliquorum
865 2997 1054 3086 lyricorum.
1109 2997 1228 3090 Neque

133 3102 230 3168 aliter
249 3101 456 3168 Herodianus
478 3099 585 3190 egisse
607 3099 756 3184 videtur,
789 3099 847 3190 qui
875 3099 911 3167 in
932 3099 1018 3166 libro
1039 3104 1110 3186 περὶ
1130 3101 1230 3184 μονή-

136 3229 216 3292 poor
234 3206 344 3280 λέξεως
363 3228 397 3294 p.
421 3204 481 3288 10,
503 3205 546 3270 27
568 3225 661 3294 seqq.
686 3201 912 3292 Sophroncm,
944 3203 1174 3294 Epicharmnm
1197 3215 1231 3271 et

115 3305 272 3378 ‚Hunos
293 3306 438 3397 apponit.
483 3303 581 3370 Haud
602 3327 705 3394 pauca
726 3304 830 3370 honae
850 3304 956 3393 frugis
978 3305 1074 3396 plena
1084 3304 1230 3374 Joauues

136 3408 374 3490 Grammaticus
403 3406 632 3499 suppeditavit.
690 3406 812 3472 Contra
840 3429 923 3496 quae
954 3404 1134 3496 Gregorius
1167 3407 1230 3474 Co·

134 3511 279 3578 cinthius
307 3511 347 3576 dc
375 3533 435 3575 suo
467 3509 609 3594 addidit,
652 3507 822 3573 maximam
849 3517 973 3597 partem
1000 3508 1111 3598 inepta
1132 3521 1230 3598 sunt3

136 3613 265 3680 seilicet
284 3611 389 3678 bonus
411 3612 584 3704 episeopus
605 3635 666 3702 pro
683 3609 816 3676 Dorieis
833 3609 995 3693 venditat,
1018 3633 1230 3701 quaecuuque

137 3716 224 3808 upud
252 3713 431 3780 Pindarum
459 3725 492 3781 et
518 3711 730 3780 'l'lroocritum
761 3711 896 3786 invenit.
962 3711 1062 3778 Tules
1093 3709 1231 3803 ineptias

138 3817 234 3883 anxie
261 3839 438 3906 recoquere
476 3839 572 3906 saepe
599 3813 802 3904 nos'piguit.
858 3813 1011 3880 Ceterum
1033 3839 1115 3905 quae
1143 3817 1229 3907 apud

138 3921 198 3986 hos
218 3917 395 4008 scriptores
416 3907 571 4006 leguntni·
590 3917 667 3984 inde
689 3941 708 3982 e
727 3915 835 3982 verlris
849 3921 971 4002 Κρῆτες
993 3920 1026 3984 δὲ
1046 3916 1081 3984 vd
1103 3920 1230 3985 διαπαν-

139 4021 191 4097 τός
214 4019 267 4097 dir
289 4019 366 4104 (Gr.
392 4020 432 4088 C.
457 4043 493 4110 p.
515 4021 613 4102 3451,
648 4018 746 4108 vulgo
769 4018 898 4086 Cretica
919 4029 1093 4110 putantur,
1114 4044 1229 4113 perpe-

139 4149 229 4207 ram,
270 4123 393 4214 quippe
423 4145 506 4212 eluse
536 4132 591 4187 aut
619 4122 771 4188 omuibus
799 4120 1019 4190 Doriensilsus
1045 4123 1229 4190 eommunia

141 4225 226 4310 sint,
268 4233 325 4290 aut
351 4223 425 4291 aliis
454 4223 629 4314 generibus
658 4223 810 4316 propria,
855 4235 891 4290 ut
918 4225 1038 4310 βέηιον
1060 4236 1093 4292 et
1113 4225 1228 4310 {aaron
